@inproceedings{abadi2016tensorflow,
  title     = {Tensorflow: A system for large-scale machine learning},
  author    = {Abadi, Mart{\'i}n and Barham, Paul and Chen, Jianmin and Chen, Zhifeng and Davis, Andy and Dean, Jeffrey and Devin, Matthieu and Ghemawat, Sanjay and Irving, Geoffrey and Isard, Michael and others},
  booktitle = {12th USENIX Symposium on Operating Systems Design and Implementation (OSDI 16)},
  pages     = {265--283},
  year      = {2016}
}

@article{aiolli2009learningnonsparsekernelssom,
  title   = {Learning nonsparse kernels by self-organizing maps for structured data},
  volume  = {20},
  number  = {12},
  journal = {IEEE Transactions on Neural Networks},
  author  = {Aiolli, Fabio and Da San Martino, Giovanni and Hagenbuchner, Markus and Sperduti, Alessandro},
  year    = {2009},
  note    = {Publisher: IEEE},
  pages   = {1938--1949}
}

@article{airoldi2008mixedstochasticblock,
  author  = {Airoldi, Edoardo M. and Blei, David M. and Fienberg, Stephen E. and Xing, Eric P.},
  journal = {Journal of Machine Learning Research},
  pages   = {1981--2014},
  title   = {{Mixed Membership Stochastic Blockmodels}},
  volume  = 9,
  year    = 2008
}

@article{alain2016genstochasticnet,
  author  = {Alain, Guillaume and Bengio, Yoshua and Yao, Li and Yosinski, Jason and Thibodeau-Laufer, Éric and Zhang, Saizheng and Vincent, Pascal},
  title   = {{GSNs: generative stochastic networks}},
  journal = {Information and Inference: A Journal of the IMA},
  volume  = {5},
  number  = {2},
  pages   = {210-249},
  year    = {2016}
}

@inproceedings{angluin1980local,
  title     = {Local and global properties in networks of processors},
  author    = {Angluin, Dana},
  booktitle = {Proceedings of the 12th annual {ACM} symposium on {Theory} of computing},
  pages     = {82--93},
  year      = {1980}
}

@article{arlot2010cv,
  author  = {Arlot, Sylvain and Celisse, Alain},
  title   = {A Survey of Cross-Validation Procedures for Model Selection},
  journal = {Statistics Survey},
  year    = {2010},
  volume  = {4},
  pages   = {40-79}
}

@inproceedings{atwood2016diffusionconvolutionalnn,
  title     = {Diffusion-convolutional neural networks},
  booktitle = {Proceedings of the 30th {Conference} on {Neural} {Information} {Processing} {Systems} ({NIPS})},
  author    = {Atwood, James and Towsley, Don},
  year      = {2016},
  pages     = {1993--2001}
}

@article{auer2008fingerprints,
  title       = {{Molecular similarity concepts and search calculations}},
  author      = {Auer, J. and Bajorath, J.},
  journal     = {Methods in molecular biology (Clifton, N.J.)},
  journal-iso = {Methods Mol. Biol.},
  volume      = {453},
  year        = {2008},
  pages       = {327--47},
  doi         = {10.1007/978-1-60327-429-6_17},
  pmid        = {18712312}
}

@inproceedings{ba2016layernorm,
  title     = {Layer normalization},
  booktitle = {Neural {Information} {Processing} {Systems} ({NIPS}) {Deep} {Learning} {Symposium}},
  author    = {Ba, Jimmy Lei and Kiros, Jamie Ryan and Hinton, Geoffrey E},
  year      = {2016}
}

@article{bacciu2012bhtmm,
  title     = {Compositional generative mapping for tree-structured data - Part {I}: Bottom-up probabilistic modeling of trees},
  author    = {Bacciu, Davide and Micheli, Alessio and Sperduti, Alessandro},
  journal   = {{IEEE transactions on neural networks and learning systems}},
  volume    = {23},
  number    = {12},
  pages     = {1987--2002},
  year      = {2012},
  publisher = {IEEE}
}

@article{bacciu2012compositionalgenerativetree,
  title   = {Compositional generative mapping for tree-structured data - part {I}: {Bottom}-up probabilistic modeling of trees},
  volume  = {23},
  number  = {12},
  journal = {IEEE Transactions on Neural Networks and Learning Systems},
  author  = {Bacciu, Davide and Micheli, Alessio and Sperduti, Alessandro},
  year    = {2012},
  note    = {Publisher: IEEE},
  pages   = {1987--2002}
}

@inproceedings{bacciu2012generativemultisetkernel,
  title     = {A generative multiset kernel for structured data},
  booktitle = {Proceedings of the {International} {Conference} on {Artificial} {Neural} {Networks} ({ICANN})},
  publisher = {Springer},
  author    = {Bacciu, Davide and Micheli, Alessio and Sperduti, Alessandro},
  year      = {2012},
  pages     = {57--64}
}

@article{bacciu2013inputoutputmarkovtree,
  title   = {An input–output hidden {Markov} model for tree transductions},
  volume  = {112},
  journal = {Neurocomputing},
  author  = {Bacciu, Davide and Micheli, Alessio and Sperduti, Alessandro},
  year    = {2013},
  note    = {Publisher: Elsevier},
  pages   = {34--46}
}

@inproceedings{bacciu2014modbidirtreecontexts,
  title     = {Modeling bi-directional tree contexts by generative transductions},
  booktitle = {Proceedings of the 21st {International} {Conference} on {Neural} {Information} {Processing} ({ICONIP})},
  publisher = {Springer},
  author    = {Bacciu, Davide and Micheli, Alessio and Sperduti, Alessandro},
  year      = {2014},
  pages     = {543--550}
}

@inproceedings{bacciu2018contgraphmarkov,
  title     = {Contextual Graph {M}arkov Model: A Deep and Generative Approach to Graph Processing},
  author    = {Bacciu, Davide and Errica, Federico and Micheli, Alessio},
  booktitle = {Proceedings of the International Conference on Machine Learning ({ICML})},
  pages     = {294--303},
  year      = {2018},
  volume    = {80},
  series    = {Proceedings of Machine Learning Research},
  publisher = {PMLR}
}

@article{bacciu2018generativekernelstree,
  title   = {Generative kernels for tree-structured data},
  volume  = {29},
  number  = {10},
  journal = {IEEE Transactions on Neural Networks and Learning Systems},
  author  = {Bacciu, Davide and Micheli, Alessio and Sperduti, Alessandro},
  year    = {2018},
  note    = {Publisher: IEEE},
  pages   = {4932--4946}
}

@article{bacciu2018genkerntreestructureddata,
  title   = {Generative Kernels for Tree-Structured Data},
  author  = {Bacciu, Davide and Micheli, Alessio and Sperduti, Alessandro},
  journal = {{IEEE transactions on neural networks and learning systems}},
  pages   = {1--15},
  year    = {2018}
}

@article{bacciu2019baymixhidtreemarkovclus,
  title   = {Bayesian mixtures of hidden tree {Markov} models for structured data clustering},
  volume  = {342},
  journal = {Neurocomputing},
  author  = {Bacciu, Davide and Castellana, Daniele},
  year    = {2019},
  note    = {Publisher: Elsevier},
  pages   = {49--59}
}

@article{bacciu2019edgegraphgenrnn,
  title   = {Edge-based sequential graph generation with recurrent neural networks},
  journal = {Neurocomputing},
  author  = {Davide Bacciu and Alessio Micheli and Marco Podda},
  year    = {2019}
}

@inproceedings{bacciu2019graphesann,
  title     = {Graph generation by sequential edge prediction},
  booktitle = {Proceedings of the {European} {Symposium} on {Artificial} {Neural} {Networks}, {Computational} {Intelligence} and {Machine} {Learning} ({ESANN})},
  author    = {Bacciu, Davide and Micheli, Alessio and Podda, Marco},
  year      = {2019}
}

@inproceedings{bacciu2019nonnegativematrixfactpooling,
  author    = {Bacciu, Davide and Di Sotto, Luigi},
  title     = {A non-negative factorization approach to node pooling in graph convolutional neural networks},
  booktitle = {AI*IA 2019 -- Advances in Artificial Intelligence},
  year      = {2019},
  publisher = {Springer},
  pages     = {294--306}
}

@inproceedings{bacciu2020deepTreeTransd,
  author    = {Bacciu, Davide
and Bruno, Antonio},
  editor    = {Oneto, Luca
and Navarin, Nicol{\`o}
and Sperduti, Alessandro
and Anguita, Davide},
  title     = {Deep Tree Transductions - A Short Survey},
  booktitle = {Recent Advances in Big Data and Deep Learning},
  year      = {2020},
  publisher = {Springer International Publishing},
  pages     = {236--245}
}

@inproceedings{bacciu2020deeptreetransduction,
  title     = {Deep tree transductions - a short survey},
  booktitle = {Recent {Advances} in {Big} {Data} and {Deep} {Learning}},
  publisher = {Springer},
  author    = {Bacciu, Davide and Bruno, Antonio},
  year      = {2020},
  pages     = {236--245}
}

@article{bacciu2020dgn,
  title   = {A gentle introduction to deep learning for graphs},
  journal = {Neural Networks},
  volume  = {129},
  pages   = {203 - 221},
  year    = {2020},
  issn    = {0893-6080},
  doi     = {10.1016/j.neunet.2020.06.006},
  author  = {Davide Bacciu and Federico Errica and Alessio Micheli and Marco Podda}
}

@article{bacciu2020graphgeneration,
  title   = {Edge-based sequential graph generation with recurrent neural networks},
  author  = {Bacciu, D. and Micheli, A. and Podda, M.},
  year    = {2020},
  journal = {Neurocomputing}
}

@inproceedings{bahdanau2015attention,
  author    = {Dzmitry Bahdanau and
               Kyunghyun Cho and
               Yoshua Bengio},
  title     = {Neural Machine Translation by Jointly Learning to Align and Translate},
  booktitle = {{ICLR}},
  year      = {2015}
}

@inproceedings{baldi2012autoenc,
  title     = {Autoencoders, Unsupervised Learning, and Deep Architectures},
  author    = {Pierre Baldi},
  booktitle = {Proceedings of ICML Workshop on Unsupervised and Transfer Learning},
  pages     = {37--49},
  year      = {2012},
  volume    = {27},
  series    = {Proceedings of Machine Learning Research},
  publisher = {JMLR Workshop and Conference Proceedings}
}

@article{barabasi1999prefatt,
  author  = {Barab{\'a}si, Albert-L{\'a}szl\'{o} and Albert, R{\'e}ka},
  journal = {Science},
  pages   = {509--512},
  title   = {{Emergence of Scaling in Random Networks}},
  volume  = 286,
  year    = 1999
}

@article{battaglia2018relationalinductivebiases,
  title   = {Relational inductive biases, deep learning, and graph networks},
  journal = {arXiv preprint arXiv:1806.01261},
  author  = {Battaglia, Peter W and Hamrick, Jessica B and Bapst, Victor and Sanchez-Gonzalez, Alvaro and Zambaldi, Vinicius and Malinowski, Mateusz and Tacchetti, Andrea and Raposo, David and Santoro, Adam and Faulkner, Ryan and {others}},
  year    = {2018}
}

@inproceedings{beck2018graph2seq,
  title     = {Graph-to-sequence {Learning} using {Gated} {Graph} {Neural} {Networks}},
  booktitle = {Proceedings of the 56th {Annual} {Meeting} of the {Association} for {Computational} {Linguistics} ({ACL}), {Volume} 1 ({Long} {Papers})},
  author    = {Beck, Daniel and Haffari, Gholamreza and Cohn, Trevor},
  year      = {2018},
  pages     = {273--283}
}

@article{bengio1994learninglongtermdependenciesdifficult,
  title     = {Learning long-term dependencies with gradient descent is difficult},
  author    = {Bengio, Yoshua and Simard, Patrice and Frasconi, Paolo},
  journal   = {IEEE Transactions on Neural Networks},
  volume    = {5},
  number    = {2},
  pages     = {157--166},
  year      = {1994},
  publisher = {IEEE}
}

@article{bengio2009deeparch,
  author     = {Bengio, Yoshua},
  title      = {Learning Deep Architectures for AI},
  year       = {2009},
  issue_date = {January 2009},
  publisher  = {Now Publishers Inc.},
  volume     = {2},
  number     = {1},
  journal    = {Found. Trends Mach. Learn.},
  month      = jan,
  pages      = {1–127},
  numpages   = {127}
}

@article{bengio2013representationlearning,
  title   = {Representation learning: {A} review and new perspectives},
  volume  = {35},
  number  = {8},
  journal = {IEEE Transactions on Pattern Analysis and Machine Intelligence},
  author  = {Bengio, Yoshua and Courville, Aaron and Vincent, Pascal},
  year    = {2013},
  note    = {Publisher: IEEE},
  pages   = {1798--1828}
}

@article{bengio2013straighttrough,
  title   = {Estimating or Propagating Gradients Through Stochastic Neurons for Conditional Computation},
  author  = {Yoshua Bengio and N. L{\'e}onard and Aaron C. Courville},
  journal = {ArXiv},
  year    = {2013},
  volume  = {abs/1308.3432}
}

@article{bergstra2009randomsearch,
  author  = {Bergstra, James S. and Bengio, Yoshua},
  title   = {Random Search for Hyper-Parameter Optimization},
  journal = {Journal of Machine Learning Research},
  year    = {2012},
  volume  = {13},
  number  = {1},
  pages   = {281-305}
}

@article{bergstra2012hyperopt,
  author    = {Bergstra, James and Bengio, Yoshua},
  title     = {Random Search for Hyper-Parameter Optimization},
  year      = {2012},
  publisher = {JMLR.org},
  volume    = {13},
  journal   = {J. Mach. Learn. Res.},
  pages     = {281–305},
  numpages  = {25}
}

@article{bianchi2019arma,
  title   = {Graph neural networks with convolutional arma filters},
  journal = {arXiv preprint arXiv:1901.01343},
  author  = {Bianchi, Filippo Maria and Grattarola, Daniele and Livi, Lorenzo and Alippi, Cesare},
  year    = {2019}
}

@article{bianucci2000applicationcascorstructurechemistry,
  title   = {Application of cascade correlation networks for structures to chemistry},
  volume  = {12},
  number  = {1-2},
  journal = {Applied Intelligence},
  author  = {Bianucci, Anna Maria and Micheli, Alessio and Sperduti, Alessandro and Starita, Antonina},
  year    = {2000},
  note    = {Publisher: Springer},
  pages   = {117--147}
}

@article{bianucci2000cascorchemistry,
  author  = {Bianucci, A.M. and Micheli, A. and Sperduti, A. and Starita, A.},
  year    = {2000},
  month   = {01},
  pages   = {115--145},
  title   = {{Application of Cascade Correlation Networks for Structures to Chemistry}},
  volume  = {12},
  journal = {Appl. Intell.}
}

@article{bianucci2003qsar,
  title   = {A novel approach to {QSPR}/{QSAR} based on neural networks for structures.},
  volume  = {120},
  doi     = {doi = 10.1007/978-3-540-36213-5_10},
  journal = {Soft Computing Approaches in Chemistry. Studies in Fuzziness and Soft Computing},
  author  = {Bianucci, A. M. and Micheli, A. and Sperduti, A. and A, Starita},
  year    = {2003},
  note    = {Publisher: Springer},
  pages   = {265--296}
}

@article{bickerton2012qed,
  title   = {{Quantifying the chemical beauty of drugs.}},
  author  = {Bickerton, G. R. J. and Paolini, G. V. and Besnard, J. and others},
  journal = {{Nature chemistry}},
  year    = {2012},
  volume  = {4},
  issue   = {2},
  pages   = {90--98}
}

@article{bickerton2012qed,
  title   = {{Quantifying the chemical beauty of drugs.}},
  author  = {Bickerton, G. R. J. and Paolini, G. V. and Besnard, J. and others},
  journal = {{Nature chemistry}},
  year    = {2012},
  volume  = {4},
  issue   = {2},
  pages   = {90--98}
}

@article{biggio2018wildpatterns,
  title   = {Wild patterns: {Ten} years after the rise of adversarial machine learning},
  volume  = {84},
  journal = {Pattern Recognition},
  author  = {Biggio, Battista and Roli, Fabio},
  year    = {2018},
  note    = {Publisher: Elsevier},
  pages   = {317--331}
}

@inproceedings{bilmes2000dynamicbayesianmultinets,
  title     = {Dynamic bayesian multinets},
  booktitle = {Proceedings of the 16th {Conference} on {Uncertainty} in {Artificial} {Intelligence} ({UAI})},
  publisher = {Morgan Kaufmann Publishers Inc.},
  author    = {Bilmes, Jeff A},
  year      = {2000},
  pages     = {38--45}
}

@book{bishop2006pattern,
  title     = {Pattern recognition and machine learning},
  publisher = {Springer},
  author    = {Bishop, Christopher M},
  year      = {2006}
}

@article{bjerrum2017molecularrnn,
  title   = {Molecular Generation with Recurrent Neural Networks (RNNs)},
  author  = {E. Bjerrum and R. Threlfall},
  journal = {ArXiv},
  year    = {2017},
  volume  = {abs/1705.04612}
}

@incollection{blackledge2005fourier,
  title     = {Chapter 2 - 2D Fourier Theory},
  booktitle = {Digital Image Processing},
  publisher = {Woodhead Publishing},
  pages     = {30--49},
  year      = {2005},
  author    = {Jonathan M. Blackledge}
}

@article{bobadilla2013recommender,
  title   = {Recommender systems survey},
  volume  = {46},
  journal = {Knowledge-Based systems},
  author  = {Bobadilla, Jesús and Ortega, Fernando and Hernando, Antonio and Gutiérrez, Abraham},
  year    = {2013},
  note    = {Publisher: Elsevier},
  pages   = {109--132}
}

@article{bojchevski2018deepgaussianembedding,
  title   = {Deep gaussian embedding of graphs: {Unsupervised} inductive learning via ranking},
  journal = {Proceedings of the 6th International Conference on Learning Representations (ICLR)},
  author  = {Bojchevski, Aleksandar and Günnemann, Stephan},
  year    = {2018}
}

@inproceedings{bojchevski2018netgan,
  title     = {{NetGAN}: {Generating} graphs via random walks},
  booktitle = {Proceedings of the 35th {International} {Conference} on {Machine} {Learning} ({ICML})},
  author    = {Bojchevski, Aleksandar and Shchur, Oleksandr and Zügner, Daniel and Günnemann, Stephan},
  year      = {2018},
  pages     = {609--618}
}

@book{bondy1976graph,
  title     = {Graph theory with applications},
  author    = {Bondy, John Adrian and Murty, Uppaluri Siva Ramachandra and others},
  volume    = {290},
  year      = {1976},
  publisher = {Macmillan London}
}

@article{bongini2018recursivedensityestimation,
  title   = {Recursive neural networks for density estimation over generalized random graphs},
  volume  = {29},
  number  = {11},
  journal = {IEEE Transactions on Neural Networks and Learning Systems},
  author  = {Bongini, Marco and Rigutini, Leonardo and Trentin, Edmondo},
  year    = {2018},
  note    = {Publisher: IEEE},
  pages   = {5441--5458}
}

@article{borgwardt2005proteins,
  title     = {Protein function prediction via graph kernels},
  author    = {Borgwardt, Karsten M and Ong, Cheng Soon and Sch{\"o}nauer, Stefan and Vishwanathan, SVN and Smola, Alex J and Kriegel, Hans-Peter},
  journal   = {Bioinformatics},
  volume    = {21},
  number    = {suppl\_1},
  pages     = {i47--i56},
  year      = {2005},
  publisher = {Oxford University Press}
}

@inproceedings{borgwardt2005shortestpathkernel,
  title     = {Shortest-path kernels on graphs},
  booktitle = {Proceedings of the 5th {International} {Conference} on {Data} {Mining} ({ICDM})},
  publisher = {IEEE},
  author    = {Borgwardt, Karsten M and Kriegel, Hans-Peter},
  year      = {2005},
  pages     = {8--pp}
}

@article{bostrom2019fragments,
  author    = {St{\aa}hl, N. and Falkman, G. and Karlsson, A. and Mathiason, G. and Bostr{\"o}m, J.},
  title     = {{Deep Reinforcement Learning for Multiparameter Optimization in de novo Drug Design}},
  journal   = {Journal of Chemical Information and Modeling},
  year      = {2019},
  publisher = {American Chemical Society},
  volume    = {59},
  number    = {7},
  pages     = {3166--3176},
  issn      = {1549-9596},
  doi       = {10.1021/acs.jcim.9b00325}
}

@conference{bove2020prediction,
  author       = {Pasquale Bove. and Alessio Micheli. and Paolo Milazzo. and Marco Podda.},
  title        = {Prediction of Dynamical Properties of Biochemical Pathways with Graph Neural Networks},
  booktitle    = {Proceedings of the 13th International Joint Conference on Biomedical Engineering Systems and Technologies - Volume 3 BIOINFORMATICS: BIOINFORMATICS,},
  year         = {2020},
  pages        = {32-43},
  publisher    = {SciTePress},
  organization = {INSTICC},
  doi          = {10.5220/0008964700320043},
  isbn         = {978-989-758-398-8}
}

@inproceedings{bowman2016sentencescontinuousspace,
  title     = {{Generating Sentences from a Continuous Space}},
  author    = {Bowman, S. R.  and
  Vilnis, L.  and
  Vinyals, O.  and
  Dai, Andrew  and others},
  booktitle = {{Proceedings of The 20th SIGNLL Conference on Computational Natural Language Learning}},
  year      = {2016},
  pages     = {10--21}
}

@inproceedings{bowman2016sentencescontinuousspace,
  title     = {{Generating Sentences from a Continuous Space}},
  author    = {Bowman, S. R.  and
      Vilnis, L.  and
      Vinyals, O.  and
      Dai, Andrew  and others},
  booktitle = {{Proceedings of The 20th SIGNLL Conference on Computational Natural Language Learning}},
  year      = {2016},
  pages     = {10--21}
}


@inproceedings{bradshaw2019moleculechef,
  title     = {A model to search for synthesizable molecules},
  booktitle = {Proceedings of the 33rd {Conference} on {Neural} {Information} {Processing} {Systems} ({NeurIPS})},
  author    = {Bradshaw, John and Paige, Brooks and Kusner, Matt J and Segler, Marwin and Hernández-Lobato, José Miguel},
  year      = {2019},
  pages     = {7935--7947}
}

@inproceedings{bradshaw2020barking,
  title     = {Barking up the right tree: an approach to search over molecule synthesis DAGs},
  author    = {Bradshaw, John and Paige, Brooks and Kusner, Matt J and Segler, Marwin and Hernández-Lobato, José Miguel},
  year      = {2020},
  booktitle = {Proceedings of the 34th {Conference} on {Neural} {Information} {Processing} {Systems} ({NeurIPS})}
}

@article{bronstein2017geometricdeeplearning,
  title   = {Geometric deep learning: going beyond {Euclidean} data},
  volume  = {34},
  number  = {4},
  journal = {IEEE Signal Processing Magazine},
  author  = {Bronstein, Michael M. and Bruna, Joan and LeCun, Yann and Szlam, Arthur and Vandergheynst, Pierre},
  year    = {2017},
  pages   = {25. 18--42}
}

@article{bruna2014spectralnetworks,
  title   = {Spectral networks and locally connected networks on graphs},
  journal = {Proceedings of the 2nd International Conference on Learning Representations (ICLR)},
  author  = {Bruna, Joan and Zaremba, Wojciech and Szlam, Arthur and LeCun, Yann},
  year    = {2014}
}

@inproceedings{calandriello2018improved,
  title     = {Improved large-scale graph learning through ridge spectral sparsification},
  booktitle = {Proceedings of the 35th {International} {Conference} on {Machine} {Learning} ({ICML})},
  author    = {Calandriello, Daniele and Koutis, Ioannis and Lazaric, Alessandro and Valko, Michal},
  year      = {2018},
  pages     = {687--696}
}

@inproceedings{castellana2019bayesianbottomuptreemarkov,
  title     = {Bayesian tensor factorisation for bottom-up hidden tree {Markov} models},
  booktitle = {Proceedings of the {International} {Joint} {Conference} on {Neural} {Networks} ({IJCNN})},
  author    = {Castellana, Daniele and Bacciu, Davide},
  year      = {2019}
}

@article{cawley2010overfitting,
  author  = {Cawley, Gavin C. and Talbot, Nicola L. C.},
  title   = {On Over-Fitting in Model Selection and Subsequent Selection Bias in Performance Estimation},
  journal = {Journal of Machine Learning Research},
  year    = {2010},
  volume  = {11},
  pages   = {2079-2107}
}

@article{chapelle2006semisupervisedlearning,
  title     = {Semi-supervised learning},
  volume    = {20},
  number    = {3},
  journal   = {{IEEE} {Transactions} on {Neural} {Networks}},
  author    = {Chapelle, Olivier and Sch{\"o}lkopf, Bernhard and Zien, Alexander},
  year      = {2006},
  pages     = {542--542},
  publisher = {IEEE}
}

@inproceedings{chen2018fastgcn,
  title     = {{FastGCN}: {Fast} learning with graph convolutional networks via importance sampling},
  booktitle = {Proceedings of the 6th {International} {Conference} on {Learning} {Representations} ({ICLR})},
  author    = {Chen, Jie and Ma, Tengfei and Xiao, Cao},
  year      = {2018}
}

@inproceedings{chen2018stochasticgraphconv,
  title     = {Stochastic training of graph convolutional networks with variance reduction.},
  booktitle = {Proceedings of the 35th {International} {Conference} on {Machine} {Learning} ({ICML})},
  author    = {Chen, Jianfei and Zhu, Jun and Song, Le},
  year      = {2018},
  pages     = {941--949}
}

@inproceedings{cho2014gru,
  title     = {Learning Phrase Representations using {RNN} Encoder{--}Decoder for Statistical Machine Translation},
  author    = {Cho, Kyunghyun  and
      van Merri{\"e}nboer, Bart  and
      Gulcehre, Caglar  and
      Bahdanau, Dzmitry  and
      Bougares, Fethi  and
      Schwenk, Holger  and
      Bengio, Yoshua},
  booktitle = {Proceedings of the Conference on Empirical Methods in Natural Language Processing ({EMNLP})},
  year      = {2014},
  pages     = {1724--1734}
}

@article{cortes1995supportvectornetworks,
  title   = {Support-vector networks},
  volume  = {20},
  number  = {3},
  journal = {Machine Learning},
  author  = {Cortes, Corinna and Vapnik, Vladimir},
  year    = {1995},
  note    = {Publisher: Springer},
  pages   = {273--297}
}

@inproceedings{costa2010nspdk,
  author  = {Costa, Fabrizio and Grave, Kurt},
  year    = {2010},
  month   = {08},
  pages   = {255-262},
  title   = {Fast Neighborhood Subgraph Pairwise Distance Kernel},
  journal = {ICML 2010 - Proceedings, 27th International Conference on Machine Learning},
  doi     = {10.2147/CMAR.S7280}
}

@article{cybenko1998approximationuniversal,
  title     = {Approximation by superpositions of a sigmoidal function},
  author    = {Cybenko, George},
  journal   = {Mathematics of control, signals and systems},
  volume    = {2},
  number    = {4},
  pages     = {303--314},
  year      = {1989},
  publisher = {Springer}
}

@inproceedings{dacrema2019progress,
  author    = {Maurizio Ferrari Dacrema and
               Paolo Cremonesi and
               Dietmar Jannach},
  title     = {Are we really making much progress? {A} worrying analysis of recent
               neural recommendation approaches},
  booktitle = {Proceedings of the 13th {ACM} Conference on Recommender Systems (RecSys)},
  pages     = {101--109},
  year      = {2019}
}

@inproceedings{dai2018sdvae,
  title     = {Syntax-Directed Variational Autoencoder for Structured Data},
  author    = {Dai, H. and Tian, Y. and Dai, B. and others},
  booktitle = {ICLR},
  year      = {2018}
}

@inproceedings{dasanmartino2012treebasedkernelgraphs,
  title     = {A tree-based kernel for graphs},
  booktitle = {Proceedings of the 12th {International} {Conference} on {Data} {Mining} ({ICDM})},
  publisher = {SIAM},
  author    = {Da San Martino, Giovanni and Navarin, Nicolo and Sperduti, Alessandro},
  year      = {2012},
  pages     = {975--986}
}

@article{dasanmartino2016ordereddagkernels,
  title   = {Ordered decompositional {DAG} kernels enhancements},
  volume  = {192},
  journal = {Neurocomputing},
  author  = {Da San Martino, Giovanni and Navarin, Nicolò and Sperduti, Alessandro},
  year    = {2016},
  note    = {Publisher: Elsevier},
  pages   = {92--103}
}

@incollection{davis2017fbdd,
  chapter   = {11},
  title     = {{Fragment-Based Lead Discovery}},
  series    = {{Annual Reports in Medicinal Chemistry}},
  publisher = {{Academic Press}},
  volume    = {50},
  pages     = {371--439},
  year      = {2017},
  booktitle = {{Platform Technologies in Drug Discovery and Validation}},
  author    = {Davis, B. J. and Roughley, S. D.}
}

@incollection{davis2017fragmentbaseddrugdesign,
  chapter   = {11},
  title     = {{Fragment-Based Lead Discovery}},
  series    = {{Annual Reports in Medicinal Chemistry}},
  publisher = {{Academic Press}},
  volume    = {50},
  pages     = {371--439},
  year      = {2017},
  booktitle = {{Platform Technologies in Drug Discovery and Validation}},
  author    = {Davis, B. J. and Roughley, S. D.}
}

@article{debnath1991mutag,
  title   = {Structure-activity relationship of mutagenic aromatic and heteroaromatic nitro compounds correlation with molecular orbital energies and hydrophobicity},
  volume  = {34},
  number  = {2},
  journal = {Journal of Medicinal Chemistry},
  author  = {Debnath, Asim Kumar and Lopez de Compadre, Rosa L and Debnath, Gargi and Shusterman, Alan J and Hansch, Corwin},
  year    = {1991},
  note    = {Publisher: ACS Publications},
  pages   = {786--797}
}

@article{decao2018molgan,
  title   = {{MolGAN}: {An} implicit generative model for small molecular graphs},
  journal = {Workshop on Theoretical Foundations and Applications of Deep Generative Models, International Conference on Machine Learning (ICML)},
  author  = {De Cao, Nicola and Kipf, Thomas},
  year    = {2018}
}

@inproceedings{defferrard2016convolutionalgraphspectralfilter,
  title     = {Convolutional neural networks on graphs with fast localized spectral filtering},
  booktitle = {Proceedings of the 30th {Conference} on {Neural} {Information} {Processing} {Systems} ({NIPS})},
  author    = {Defferrard, Michaël and Bresson, Xavier and Vandergheynst, Pierre},
  year      = {2016},
  pages     = {3844--3852}
}

@article{degen2008brics,
  author  = {Degen, J. and Wegscheid-Gerlach, C. and Zaliani, A. and others},
  title   = {{On the Art of Compiling and Using 'Drug-Like' Chemical Fragment Spaces.}},
  journal = {{ChemMedChem}},
  volume  = {3},
  issue   = {10},
  pages   = {1503--1507},
  year    = {2008}
}

@article{degen2008brics,
  author  = {Degen, J. and Wegscheid-Gerlach, C. and Zaliani, A. and others},
  title   = {{On the Art of Compiling and Using 'Drug-Like' Chemical Fragment Spaces.}},
  journal = {{ChemMedChem}},
  volume  = {3},
  issue   = {10},
  pages   = {1503--1507},
  year    = {2008}
}

@article{dhillon2007weightedgraphcuts,
  title   = {Weighted graph cuts without eigenvectors a multilevel approach},
  volume  = {29},
  number  = {11},
  journal = {IEEE Transactions on Pattern Analysis and Machine Intelligence},
  author  = {Dhillon, Inderjit S and Guan, Yuqiang and Kulis, Brian},
  year    = {2007},
  note    = {Publisher: IEEE},
  pages   = {1944--1957}
}

@inproceedings{diehl2019towardsgraphpoolingedgecontraction,
  title     = {Towards graph pooling by edge contraction},
  booktitle = {Workshop on learning and reasoning with graph-structured data, {International} {Conference} on {Machine} {Learning} ({ICML})},
  author    = {Frederik Diehl, Thomas Brunner, Michael Truong Le and Knoll, Alois},
  year      = {2019}
}

@article{diligenti2003hiddentreemarkovmodels,
  title   = {Hidden tree {Markov} models for document image classification},
  volume  = {25},
  number  = {4},
  journal = {IEEE Transactions on Pattern Analysis and Machine Intelligence},
  author  = {Diligenti, Michelangelo and Frasconi, Paolo and Gori, Marco},
  year    = {2003},
  note    = {Publisher: IEEE},
  pages   = {519--523}
}

@article{dobson2003dd,
  title     = {Distinguishing enzyme structures from non-enzymes without alignments},
  author    = {Dobson, Paul D and Doig, Andrew J},
  journal   = {Journal of molecular biology},
  volume    = {330},
  number    = {4},
  pages     = {771--783},
  year      = {2003},
  publisher = {Elsevier}
}

@article{douglas2011weisfeilerlehmanisomorphism,
  title   = {The {Weisfeiler}-{Lehman} method and graph isomorphism testing},
  journal = {arXiv preprint arXiv:1101.5211},
  author  = {Douglas, Brendan L},
  year    = {2011}
}

@inproceedings{duran2017graphembeddingpropagation,
  title     = {Learning graph representations with embedding propagation},
  booktitle = {Proceedings of the 31st {Conference} on {Neural} {Information} {Processing} {Systems} ({NIPS})},
  author    = {Duran, Alberto Garcia and Niepert, Mathias},
  year      = {2017},
  pages     = {5119--5130}
}

@incollection{duvenaud2015molecularfingerprint,
  title     = {Convolutional Networks on Graphs for Learning Molecular Fingerprints},
  author    = {Duvenaud, David K and Maclaurin, Dougal and Iparraguirre, Jorge and Bombarell, Rafael and Hirzel, Timothy and Aspuru-Guzik, Alan and Adams, Ryan P},
  booktitle = {Advances in Neural Information Processing Systems 28},
  pages     = {2224--2232},
  year      = {2015}
}

@incollection{efron1992bootstrap,
  title     = {Bootstrap methods: another look at the jackknife},
  author    = {Efron, Bradley},
  booktitle = {Breakthroughs in statistics},
  pages     = {569--593},
  year      = {1992},
  publisher = {Springer}
}

@article{elman1990rnn,
  title   = {Finding structure in time},
  volume  = {14},
  number  = {2},
  journal = {Cognitive Science},
  author  = {Elman, Jeffrey L},
  year    = {1990},
  note    = {Publisher: Wiley Online Library},
  pages   = {179--211}
}

@article{epstein2017cogmaps,
  author  = {Epstein, Russell and Patai, E Z and Julian, Joshua and Spiers, Hugo},
  year    = {2017},
  month   = {10},
  pages   = {1504-1513},
  title   = {{The cognitive map in humans: Spatial navigation and beyond}},
  volume  = {20},
  journal = {Nature Neuroscience}
}

@article{erdos1959randomgraphs,
  author  = {Erd\"{o}s, P. and R\'{e}nyi, A.},
  journal = {Publicationes Mathematicae Debrecen},
  pages   = {290--297},
  title   = {{On Random Graphs I}},
  volume  = 6,
  year    = 1959
}

@article{erdos1960evolution,
  title   = {On the evolution of random graphs},
  author  = {Erd{\H{o}}s, Paul and R{\'e}nyi, Alfr{\'e}d},
  journal = {Publications of the Mathematical Institute of the Hungarian Academy of Science},
  volume  = {5},
  number  = {1},
  pages   = {17--60},
  year    = {1960}
}

@article{erlandson2004fragbaseddrugdiscovery,
  author  = {Erlanson, D. A. and McDowell, R. S. and O'Brien, T.},
  title   = {{Fragment-Based Drug Discovery}},
  journal = {{Journal of Medicinal Chemistry}},
  volume  = {47},
  number  = {14},
  pages   = {3463-3482},
  year    = {2004}
}

@inproceendings{ermon2020permutationinvariantgraphgeneration,
  title     = {Permutation Invariant Graph Generation via Score-Based Generative Modeling},
  author    = {Niu, Chenhao and Song, Yang and Song, Jiaming and Zhao, Shengjia and Grover, Aditya and Ermon, Stefano},
  booktitle = {Proceedings of the Twenty Third International Conference on Artificial Intelligence and Statistics},
  pages     = {4474--4484},
  year      = {2020},
  volume    = {108},
  series    = {Proceedings of Machine Learning Research},
  publisher = {PMLR}
}

@inproceedings{errica2020fairevaluation,
  title     = {A fair comparison of graph neural networks for graph classification},
  booktitle = {Proceedings of the 8th {International} {Conference} on {Learning} {Representations} ({ICLR})},
  author    = {Errica, Federico and Podda, Marco and Bacciu, Davide and Micheli, Alessio},
  year      = {2020}
}

@article{ertl2009sas,
  author  = {Ertl, P. and Schuffenhauer, A.},
  title   = {{Estimation of synthetic accessibility score of drug-like molecules based on molecular complexity and fragment contributions}},
  journal = {{Journal of Cheminformatics}},
  year    = {2009},
  volume  = {1},
  number  = {1}
}

@article{ertl2009sas,
  author  = {Ertl, P. and Schuffenhauer, A.},
  title   = {{Estimation of synthetic accessibility score of drug-like molecules based on molecular complexity and fragment contributions}},
  journal = {{Journal of Cheminformatics}},
  year    = {2009},
  volume  = {1},
  number  = {1}
}

@inbook{estrada2013chemicalgraphtheory,
  author = {Estrada, Ernesto and Bonchev, Danail},
  year   = {2013},
  month  = {12},
  pages  = {1538--1558},
  title  = {Chemical Graph Theory}
}

@inproceedings{fages2008influencegraph,
  author    = {Fages, Fran{\c{c}}ois
and Soliman, Sylvain},
  editor    = {Fisher, Jasmin},
  title     = {From Reaction Models to Influence Graphs and Back: A Theorem},
  booktitle = {Formal Methods in Systems Biology},
  year      = {2008},
  publisher = {Springer Berlin Heidelberg},
  address   = {Berlin, Heidelberg},
  pages     = {90--102}
}

@inproceedings{fahlman1990cascor,
  title     = {The {Cascade}-{Correlation} learning architecture},
  booktitle = {Proceedings of the 3rd {Conference} on {Neural} {Information} {Processing} {Systems} ({NIPS})},
  author    = {Fahlman, Scott E. and Lebiere, Christian},
  year      = {1990},
  pages     = {524--532}
}


@inproceedings{fan2019conditionalgan,
  title     = {Conditional labeled graph generation with {GANs}},
  booktitle = {Workshop on {Representation} {Learning} on {Graphs} and {Manifolds}, {International} {Conference} on {Learning} {Representations} ({ICLR})},
  author    = {Fan, S. and Huang, B.},
  year      = {2019}
}

@article{fawcett2006roc,
  author  = {Fawcett, Tom},
  title   = {An Introduction to ROC Analysis},
  journal = {Pattern Recognition Letters},
  year    = {2006},
  volume  = {26},
  pages   = {861-874}
}

@article{feng2019graphadvtraining,
  title   = {Graph adversarial training: {Dynamically} regularizing based on graph structure},
  journal = {IEEE Transactions on Knowledge and Data Engineering},
  author  = {Feng, Fuli and He, Xiangnan and Tang, Jie and Chua, Tat-Seng},
  year    = {2019},
  note    = {Publisher: IEEE}
}

@inproceedings{feng2019hypergraphneuralnetworks,
  title     = {Hypergraph neural networks},
  volume    = {33},
  booktitle = {Proceedings of the 33rd {AAAI} {Conference} on {Artificial} {Intelligence} ({AAAI})},
  author    = {Feng, Yifan and You, Haoxuan and Zhang, Zizhao and Ji, Rongrong and Gao, Yue},
  year      = {2019},
  pages     = {3558--3565}
}

@inproceedings{fey2019pytorchgeometric,
  title     = {Fast Graph Representation Learning with {PyTorch Geometric}},
  author    = {Fey, Matthias and Lenssen, Jan E.},
  booktitle = {ICLR Workshop on Representation Learning on Graphs and Manifolds},
  year      = {2019}
}

@article{frasconi1998general,
  title   = {{A general framework for adaptive processing of data structures}},
  author  = {Frasconi, P. and Gori, M. and Sperduti, A.},
  journal = {IEEE Trans Neural Netw},
  volume  = {9},
  number  = {5},
  year    = {1998},
  pages   = {768--86}
}

@article{frasconi2014klog,
  title   = {klog: {A} language for logical and relational learning with kernels},
  volume  = {217},
  journal = {Artificial Intelligence},
  author  = {Frasconi, Paolo and Costa, Fabrizio and De Raedt, Luc and De Grave, Kurt},
  year    = {2014},
  note    = {Publisher: Elsevier},
  pages   = {117--143}
}

@article{fu2020core,
  title   = {CORE: Automatic Molecule Optimization Using Copy \& Refine Strategy},
  volume  = {34},
  url     = {https://ojs.aaai.org/index.php/AAAI/article/view/5404},
  doi     = {10.1609/aaai.v34i01.5404},
  number  = {01},
  journal = {Proceedings of the AAAI Conference on Artificial Intelligence},
  author  = {Fu, Tianfan and Xiao, Cao and Sun, Jimeng},
  year    = {2020},
  month   = {Apr.},
  pages   = {638-645}
}

@article{funahashi2003celldesigner,
  title     = {CellDesigner: a process diagram editor for gene-regulatory and biochemical networks},
  author    = {Funahashi, Akira and Morohashi, Mineo and Kitano, Hiroaki and Tanimura, Naoki},
  journal   = {Biosilico},
  volume    = {1},
  number    = {5},
  pages     = {159--162},
  year      = {2003},
  publisher = {Elsevier}
}

@inproceedings{gallagher2008label,
  title        = {Leveraging label-independent features for classification in sparsely labeled networks: An empirical study},
  author       = {Gallagher, Brian and Eliassi-Rad, Tina},
  booktitle    = {International Workshop on Social Network Mining and Analysis},
  pages        = {1--19},
  year         = {2008},
  organization = {Springer}
}

@inproceedings{gallicchio2010graphesn,
  title     = {Graph echo state networks},
  booktitle = {Proceedings of the {International} {Joint} {Conference} on {Neural} {Networks} ({IJCNN})},
  publisher = {IEEE},
  author    = {Gallicchio, Claudio and Micheli, Alessio},
  year      = {2010},
  pages     = {1--8}
}

@inproceedings{gallicchio2020fastdeepgnn,
  title     = {Fast and deep graph neural networks},
  booktitle = {Proceedings of the 34th {AAAI} {Conference} on {Artificial} {Intelligence} ({AAAI})},
  author    = {Gallicchio, Claudio and Micheli, Alessio},
  year      = {2020}
}

@inproceedings{gao2018graphunets,
  title     = {Graph {U}-nets},
  booktitle = {Proceedings of the 36th {International} {Conference} on {Machine} {Learning} ({ICML})},
  author    = {Gao, Hongyang and Ji, Shuiwang},
  year      = {2019},
  pages     = {2083--2092}
}

@inproceedings{germain2015made,
  author    = {Mathieu Germain and Karol Gregor and Iain Murray and Hugo Larochelle},
  booktitle = {{Proceedings of the 32nd International Conference on Machine Learning}},
  ee        = {http://jmlr.org/proceedings/papers/v37/germain15.html},
  pages     = {881--889},
  series    = {{JMLR Proceedings}},
  title     = {{MADE: Masked Autoencoder for Distribution Estimation}},
  volume    = 37,
  year      = 2015
}

@article{gilbert1959randomgraphs,
  title     = {Random graphs},
  author    = {Gilbert, Edgar N},
  journal   = {The Annals of Mathematical Statistics},
  volume    = {30},
  number    = {4},
  pages     = {1141--1144},
  year      = {1959},
  publisher = {JSTOR}
}

@inproceedings{gilbert2007petri,
  author    = {Gilbert, David
and Heiner, Monika
and Lehrack, Sebastian},
  editor    = {Calder, Muffy
and Gilmore, Stephen},
  title     = {A Unifying Framework for Modelling and Analysing Biochemical Pathways Using Petri Nets},
  booktitle = {Computational Methods in Systems Biology},
  year      = {2007},
  publisher = {Springer Berlin Heidelberg},
  address   = {Berlin, Heidelberg},
  pages     = {200--216}
}

@inproceedings{giles1998citeseer,
  author    = {Giles, C. Lee and Bollacker, Kurt D. and Lawrence, Steve},
  title     = {{CiteSeer: An Automatic Citation Indexing System}},
  booktitle = {{Proceedings of the Third ACM Conference on Digital Libraries}},
  year      = {1998},
  pages     = {89--98}
}

@article{gillespie1977exact,
  title     = {Exact stochastic simulation of coupled chemical reactions},
  author    = {Gillespie, Daniel T},
  journal   = {The journal of physical chemistry},
  volume    = {81},
  number    = {25},
  pages     = {2340--2361},
  year      = {1977},
  publisher = {ACS Publications}
}

@inproceedings{gilmer2017neuralmessagepassing,
  title     = {Neural Message Passing for Quantum Chemistry},
  author    = {Justin Gilmer and Samuel S. Schoenholz and Patrick F. Riley and Oriol Vinyals and George E. Dahl},
  booktitle = {Proceedings of the International Conference on Machine Learning ({ICML})},
  pages     = {1263--1272},
  year      = {2017},
  volume    = {70},
  series    = {Proceedings of Machine Learning Research},
  publisher = {PMLR}
}

@article{gindulyte2016pubchem,
  author  = {Gindulyte, A. and Shoemaker, B. A. and Zhang, J. and others},
  title   = {{PubChem BioAssay: 2017 update}},
  journal = {{Nucleic Acids Research}},
  volume  = {45},
  number  = {D1},
  pages   = {D955-D963},
  year    = {2016}
}

@article{gindulyte2016pubchem,
  author  = {Gindulyte, A. and Shoemaker, B. A. and Zhang, J. and others},
  title   = {{PubChem BioAssay: 2017 update}},
  journal = {{Nucleic Acids Research}},
  volume  = {45},
  number  = {D1},
  pages   = {D955-D963},
  year    = {2016}
}

@article{girvan2002commstructsocialbionet,
  author  = {Girvan, M. and Newman, M. E. J.},
  title   = {Community structure in social and biological networks},
  volume  = {99},
  number  = {12},
  pages   = {7821--7826},
  year    = {2002},
  journal = {Proceedings of the National Academy of Sciences}
}

@inproceedings{glorot2011relu,
  title     = {Deep Sparse Rectifier Neural Networks},
  author    = {Xavier Glorot and Antoine Bordes and Yoshua Bengio},
  booktitle = {Proceedings of the Fourteenth International Conference on Artificial Intelligence and Statistics},
  pages     = {315--323},
  year      = {2011}
}

@inproceedings{goller1996backpropstructure,
  title     = {Learning task-dependent distributed representations by backpropagation through structure},
  volume    = {1},
  booktitle = {Proceedings of the {International} {Conference} on {Neural} {Networks} ({ICNN})},
  publisher = {IEEE},
  author    = {Goller, Christoph and Kuchler, Andreas},
  year      = {1996},
  pages     = {347--352}
}

@article{gomez2018vaemolecule,
  author  = {G{\'o}mez-Bombarelli, Rafael and Wei, Jennifer N. and Duvenaud, David and Hern{\'a}ndez-Lobato, Jos{\'e} Miguel and S{\'a}nchez-Lengeling, Benjamín and Sheberla, Dennis and Aguilera-Iparraguirre, Jorge and Hirzel, Timothy D. and Adams, Ryan P. and Aspuru-Guzik, Alán},
  title   = {Automatic Chemical Design Using a Data-Driven Continuous Representation of Molecules},
  journal = {ACS Central Science},
  volume  = {4},
  number  = {2},
  pages   = {268--276},
  year    = {2018}
}

@article{gomezbomb2018chemvae,
  author  = {Gómez-Bombarelli, R. and Wei, J. N. and Duvenaud, D. and  others},
  title   = {{Automatic Chemical Design Using a Data-Driven Continuous Representation of Molecules}},
  journal = {{ACS Central Science}},
  volume  = {4},
  number  = {2},
  pages   = {268--276},
  year    = {2018}
}

@inproceedings{goodfellow2014gan,
  title     = {Generative {Adversarial} {Nets}},
  booktitle = {Proceedings of the 28th {Conference} on {Neural} {Information} {Processing} {Systems} ({NIPS})},
  author    = {Goodfellow, Ian and Pouget-Abadie, Jean and Mirza, Mehdi and Xu, Bing and Warde-Farley, David and Ozair, Sherjil and Courville, Aaron and Bengio, Yoshua},
  year      = {2014},
  pages     = {2672--2680}
}

@inproceedings{goodfellow2015optimization,
  title     = {Qualitatively Characterizing Neural Network Optimization Problems},
  author    = {Ian Goodfellow and Oriol Vinyals and Andrew Saxe},
  year      = {2015},
  booktitle = {International Conference on Learning Representations}
}

@book{goodfellow2016dl,
  author    = {Goodfellow, Ian and Bengio, Yoshua and Courville, Aaron},
  title     = {Deep Learning},
  year      = {2016},
  isbn      = {0262035618, 9780262035613},
  publisher = {The MIT Press}
}

@conference{gori2019towards,
  author       = {Roberta Gori and Paolo Milazzo and Lucia Nasti},
  title        = {Towards an Efficient Verification Method for Monotonicity Properties of Chemical Reaction Networks},
  booktitle    = {Proceedings of the 12th International Joint Conference on Biomedical Engineering Systems and Technologies - Volume 3: BIOINFORMATICS,},
  year         = {2019},
  pages        = {250-257},
  publisher    = {SciTePress},
  organization = {INSTICC}
}

@inproceedings{goyal2020graphgen,
  author    = {Goyal, Nikhil and Jain, Harsh Vardhan and Ranu, Sayan},
  title     = {GraphGen: A Scalable Approach to Domain-Agnostic Labeled Graph Generation},
  year      = {2020},
  isbn      = {9781450370233},
  publisher = {Association for Computing Machinery},
  address   = {New York, NY, USA},
  url       = {https://doi.org/10.1145/3366423.3380201},
  doi       = {10.1145/3366423.3380201},
  booktitle = {Proceedings of The Web Conference 2020},
  pages     = {1253–1263},
  numpages  = {11},
  series    = {WWW '20}
}

@inproceedings{greff2017neuralexpectmaxim,
  title     = {Neural expectation maximization},
  booktitle = {Proceedings of the 31st {Conference} on {Neural} {Information} {Processing} {Systems} ({NIPS})},
  author    = {Greff, Klaus and van Steenkiste, Sjoerd and Schmidhuber, Jürgen},
  year      = {2017},
  pages     = {6691--6701}
}

@arcticle{gretton2012mmdkernel,
  author  = {Arthur Gretton and Karsten M. Borgwardt and Malte J. Rasch and Bernhard Schölkopf and Alexander Smola},
  title   = {A Kernel Two-Sample Test},
  journal = {JOURNAL OF MACHINE LEARNING RESEARCH},
  year    = {2012},
  volume  = {13},
  pages   = {723--773}
}

@article{grisoni2018transferlearningmolecules,
  author   = {Merk, Daniel and Friedrich, Lukas and Grisoni, Francesca and Schneider, Gisbert},
  title    = {De Novo Design of Bioactive Small Molecules by Artificial Intelligence},
  journal  = {Molecular Informatics},
  volume   = {37},
  number   = {1-2},
  pages    = {1700153},
  keywords = {Automation, drug discovery, machine learning, medicinal chemistry, nuclear receptor},
  doi      = {https://doi.org/10.1002/minf.201700153},
  url      = {https://onlinelibrary.wiley.com/doi/abs/10.1002/minf.201700153},
  eprint   = {https://onlinelibrary.wiley.com/doi/pdf/10.1002/minf.201700153},
  year     = {2018}
}

@inproceedings{grover2016node2vec,
  title     = {node2vec: {Scalable} feature learning for networks},
  booktitle = {Proceedings of the 22nd {International} {Conference} on {Knowledge} {Discovery} and {Data} {Mining} ({SIGKDD})},
  publisher = {ACM},
  author    = {Grover, Aditya and Leskovec, Jure},
  year      = {2016},
  pages     = {855--864}
}

@inproceedings{grover2019graphite,
  title  = {Graphite: Iterative Generative Modeling of Graphs},
  author = {Grover, Aditya and Zweig, Aaron and Ermon, Stefano},
  pages  = {2434--2444},
  year   = {2019},
  volume = {97},
  series = {Proceedings of Machine Learning Research}
}

@article{gruber2020gruspecificlstm,
  author  = {Gruber, Nicole and Jockisch, Alfred},
  title   = {Are GRU Cells More Specific and LSTM Cells More Sensitive in Motive Classification of Text?},
  journal = {Frontiers in Artificial Intelligence},
  volume  = {3},
  pages   = {40},
  year    = {2020}
}

@misc{guo2020systematicreviewgenerativegraphs,
  title         = {A Systematic Survey on Deep Generative Models for Graph Generation},
  author        = {Xiaojie Guo and Liang Zhao},
  year          = {2020},
  eprint        = {2007.06686},
  archiveprefix = {arXiv},
  primaryclass  = {cs.LG}
}

@article{hagenbuchner2003somadaptiveprocessingstructureddata,
  title     = {A self-organizing map for adaptive processing of structured data},
  author    = {Hagenbuchner, Markus and Sperduti, Alessandro and Tsoi, Ah Chung},
  journal   = {IEEE Transactions on Neural Networks},
  volume    = {14},
  number    = {3},
  pages     = {491--505},
  year      = {2003},
  publisher = {IEEE}
}

@article{hagenbuchner2009graphsom,
  title     = {Graph self-organizing maps for cyclic and unbounded graphs},
  author    = {Hagenbuchner, Markus and Sperduti, Alessandro and Tsoi, Ah Chung},
  journal   = {Neurocomputing},
  volume    = {72},
  number    = {7-9},
  pages     = {1419--1430},
  year      = {2009},
  publisher = {Elsevier}
}

@incollection{hamilton2017graphsage,
  title     = {Inductive Representation Learning on Large Graphs},
  author    = {Hamilton, Will and Ying, Zhitao and Leskovec, Jure},
  booktitle = {Advances in Neural Information Processing Systems ({NIPS})},
  pages     = {1024--1034},
  year      = {2017},
  publisher = {Curran Associates, Inc.}
}

@article{hamilton2017representationlearninggraphs,
  title   = {Representation learning on graphs: {Methods} and applications},
  volume  = {40},
  number  = {3},
  journal = {IEEE Data Engineering Bulletin},
  author  = {Hamilton, William L. and Ying, Rex and Leskovec, Jure},
  year    = {2017},
  pages   = {52--74}
}

@inproceedings{hammer1999recnn,
  author    = {Hammer, B. and Februar, O.},
  title     = {{Learning with Recurrent Neural Networks}},
  booktitle = {Lecture Notes in Control and Information Sciences 254},
  year      = {1999},
  pages     = {357--368},
  publisher = {Springer}
}

@article{hammer2004generalunsupervised,
  title   = {A general framework for unsupervised processing of structured data},
  volume  = {57},
  journal = {Neurocomputing},
  author  = {Hammer, Barbara and Micheli, Alessio and Sperduti, Alessandro and Strickert, Marc},
  year    = {2004},
  note    = {Publisher: Elsevier},
  pages   = {3--35}
}

@article{hammer2004recursivesom,
  title   = {Recursive self-organizing network models},
  volume  = {17},
  number  = {8-9},
  journal = {Neural Networks},
  author  = {Hammer, Barbara and Micheli, Alessio and Sperduti, Alessandro and Strickert, Marc},
  year    = {2004},
  note    = {Publisher: Elsevier},
  pages   = {1061--1085}
}

@article{hammer2005universal,
  author  = {Hammer, B. and Micheli, A. and Sperduti, A.},
  title   = {Universal Approximation Capability of Cascade Correlation for Structures},
  journal = {Neural Computation},
  volume  = {17},
  number  = {5},
  pages   = {1109--1159},
  year    = {2005}
}

@article{hammond2011wavelets,
  title   = {Wavelets on graphs via spectral graph theory},
  volume  = {30},
  number  = {2},
  journal = {Applied and Computational Harmonic Analysis},
  author  = {Hammond, David K and Vandergheynst, Pierre and Gribonval, Rémi},
  year    = {2011},
  note    = {Publisher: Elsevier},
  pages   = {129--150}
}

@book{hastie2009elements,
  author    = {Hastie, Trevor and Tibshirani, Robert and Friedman, Jerome},
  publisher = {Springer New York Inc.},
  title     = {The Elements of Statistical Learning},
  year      = {2009},
  edition   = {2nd}
}

@book{haykin2009nnets,
  author    = {Haykin, Simon},
  title     = {Neural Networks and Learning Machines (3rd Edition)},
  year      = {2009},
  publisher = {Pearson}
}

@inproceedings{he2016resnets,
  author    = {K. {He} and X. {Zhang} and S. {Ren} and J. {Sun}},
  booktitle = {2016 IEEE Conference on Computer Vision and Pattern Recognition (CVPR)},
  title     = {Deep Residual Learning for Image Recognition},
  year      = {2016},
  pages     = {770-778}
}

@article{helma2001ptc,
  title   = {The predictive toxicology challenge 2000–2001},
  volume  = {17},
  number  = {1},
  journal = {Bioinformatics},
  author  = {Helma, Christoph and King, Ross D. and Kramer, Stefan and Srinivasan, Ashwin},
  year    = {2001},
  note    = {Publisher: Oxford University Press},
  pages   = {107--108}
}

@article{hochreiter1997lstm,
  title   = {Long short-term memory},
  volume  = {9},
  number  = {8},
  journal = {Neural computation},
  author  = {Hochreiter, Sepp and Schmidhuber, Jürgen},
  year    = {1997},
  note    = {Publisher: MIT Press},
  pages   = {1735--1780}
}

@article{hochreiter1998vanishinggradient,
  title     = {The vanishing gradient problem during learning recurrent neural nets and problem solutions},
  author    = {Hochreiter, Sepp},
  journal   = {International Journal of Uncertainty, Fuzziness and Knowledge-Based Systems},
  volume    = {6},
  number    = {02},
  pages     = {107--116},
  year      = {1998},
  publisher = {World Scientific}
}

@article{huang2020reluuniversalapproximators,
  author  = {Huang, Changcun},
  title   = {ReLU Networks Are Universal Approximators via Piecewise Linear or Constant Functions},
  journal = {Neural Computation},
  volume  = {32},
  number  = {11},
  pages   = {2249-2278},
  year    = {2020}
}

@article{huber2007graphsmolbio,
  author  = {Huber, Wolfgang
  and Carey, Vincent J.
  and Long, Li
  and Falcon, Seth
  and Gentleman, Robert},
  title   = {Graphs in molecular biology},
  journal = {BMC Bioinformatics},
  year    = {2007},
  volume  = {8},
  number  = {6},
  pages   = {S8}
}

@article{hucka2018sbml,
  title     = {The Systems Biology Markup Language (SBML): language specification for level 3 version 2 core},
  author    = {Hucka, Michael and Bergmann, Frank T and Dr{\"a}ger, Andreas and Hoops, Stefan and Keating, Sarah M and Le Nov{\`e}re, Nicolas and Myers, Chris J and Olivier, Brett G and Sahle, Sven and Schaff, James C and others},
  journal   = {Journal of integrative bioinformatics},
  volume    = {15},
  number    = {1},
  year      = {2018},
  publisher = {De Gruyter}
}

@mastersthesis{iadarola2018graphbugpatterns,
  title  = {Graph-based classification for detecting instances of bug patterns},
  school = {University of Twente},
  author = {Iadarola, Giacomo},
  year   = {2018}
}

@inproceedings{ioffe2015batchnorm,
  author    = {Ioffe, Sergey and Szegedy, Christian},
  title     = {{Batch Normalization: Accelerating Deep Network Training by Reducing Internal Covariate Shift}},
  year      = {2015},
  publisher = {JMLR.org},
  booktitle = {Proceedings of the 32nd International Conference on International Conference on Machine Learning - Volume 37},
  pages     = {448–456},
  numpages  = {9},
  series    = {ICML’15}
}

@incollection{iooss2015review,
  title     = {A review on global sensitivity analysis methods},
  author    = {Iooss, Bertrand and Lema{\^i}tre, Paul},
  booktitle = {Uncertainty management in simulation-optimization of complex systems},
  pages     = {101--122},
  year      = {2015},
  publisher = {Springer}
}

@article{irwin2005zinc,
  author  = {Irwin, J. J. and Shoichet, B. K.},
  title   = {{ZINC -- A Free Database of Commercially Available Compounds for Virtual Screening}},
  journal = {{Journal of Chemical Information and Modeling}},
  volume  = {45},
  number  = {1},
  pages   = {177-182},
  year    = {2005}
}

@article{irwin2005zinc,
  author  = {Irwin, J. J. and Shoichet, B. K.},
  title   = {{ZINC -- A Free Database of Commercially Available Compounds for Virtual Screening}},
  journal = {{Journal of Chemical Information and Modeling}},
  volume  = {45},
  number  = {1},
  pages   = {177-182},
  year    = {2005}
}

@inproceedings{ivanov2018anonymouswalkembedding,
  title     = {Anonymous Walk Embeddings},
  author    = {Ivanov, Sergey and Burnaev, Evgeny},
  booktitle = {Proceedings of the 35th {International} {Conference} on {Machine} {Learning} ({ICML})},
  year      = {2018},
  pages     = {2191--2200}
}

@article{izhikevich2003simplemodelingspikingneurons,
  title   = {Simple model of spiking neurons},
  volume  = {14},
  number  = {6},
  journal = {IEEE Transactions on Neural Networks},
  author  = {Izhikevich, Eugene M},
  year    = {2003},
  note    = {Publisher: IEEE},
  pages   = {1569--1572}
}

@article{jaeger2002truncatedbptt,
  author  = {Jaeger, Herbert},
  year    = {2002},
  month   = {01},
  title   = {Tutorial on training recurrent neural networks, covering BPPT, RTRL, EKF and the echo state network approach},
  volume  = {5},
  journal = {GMD-Forschungszentrum Informationstechnik, 2002.}
}

@inproceedings{jang2017gumbel,
  title     = {Categorical reparametrization with gumbel-softmax},
  booktitle = {Proceedings of the 5th {International} {Conference} on {Learning} {Representations} ({ICLR})},
  author    = {Jang, Eric and Gu, Shixiang and Poole, Ben},
  year      = {2017}
}

@inproceedings{janocha2017lossfunction,
  author    = {Katarzyna Janocha and
               Wojciech Marian Czarnecki},
  title     = {On Loss Functions for Deep Neural Networks in Classification},
  booktitle = {Conference Theoretical Foundations of Machine Learning},
  series    = {TFML},
  year      = {2017}
}

@article{jeon2019fp2vec,
  title   = {{FP2VEC}: {A} new molecular featurizer for learning molecular properties},
  volume  = {35},
  number  = {23},
  journal = {Bioinformatics},
  author  = {Jeon, Woosung and Kim, Dongsup},
  year    = {2019},
  pages   = {4979--4985}
}

@inproceedings{jiang2019dynamichypergraph,
  title     = {Dynamic hypergraph neural networks},
  booktitle = {Proceedings of the 28th {International} {Joint} {Conference} on {Artificial} {Intelligence} ({IJCAI})},
  author    = {Jiang, Jianwen and Wei, Yuxuan and Feng, Yifan and Cao, Jingxuan and Gao, Yue},
  year      = {2019},
  pages     = {2635--2641}
}

@inproceedings{jin2018jtvae,
  title     = {Junction tree variational autoencoder for molecular graph generation},
  booktitle = {Proceedings of the 35th {International} {Conference} on {Machine} {Learning} ({ICML})},
  author    = {Jin, Wengong and Barzilay, Regina and Jaakkola, Tommi S.},
  year      = {2018},
  pages     = {2328--2337}
}

@inproceedings{jin2019latentadvtraining,
  title     = {Latent adversarial training of graph convolution networks},
  booktitle = {Workshop on {Learning} and {Reasoning} with {Graph}-{Structured} {Representations}, {International} {Conference} on {Machine} {Learning} ({ICML})},
  author    = {Jin, H. and Zhang, X.},
  year      = {2019}
}

@inproceedings{jin2019multimodalmoltranslation,
  title     = {Learning Multimodal Graph-to-Graph Translation for Molecule Optimization},
  author    = {Wengong Jin and Kevin Yang and Regina Barzilay and Tommi Jaakkola},
  booktitle = {International Conference on Learning Representations},
  year      = {2019},
  url       = {https://openreview.net/forum?id=B1xJAsA5F7}
}

@inproceedings{johnson2017learngraphtrans,
  author    = {Daniel D. Johnson},
  title     = {Learning Graphical State Transitions},
  booktitle = {{International Conference of Learning Representations (ICLR)}},
  year      = {2017}
}

@inproceedings{karp1994representations,
  title     = {Representations of metabolic knowledge: pathways.},
  author    = {Karp, Peter D and Paley, Suzanne M},
  booktitle = {Ismb},
  volume    = {2},
  pages     = {203--211},
  year      = {1994}
}

@inproceedings{kashima2003marginalizedkernelsgraphs,
  title     = {Marginalized kernels between labeled graphs},
  booktitle = {Proceedings of the 20th {International} {Conference} on {Machine} {Learning} ({ICML})},
  author    = {Kashima, Hisashi and Tsuda, Koji and Inokuchi, Akihiro},
  year      = {2003},
  pages     = {321--328}
}

@misc{kawai2019scalablegran,
  title         = {Scalable Generative Models for Graphs with Graph Attention Mechanism},
  author        = {Wataru Kawai and Yusuke Mukuta and Tatsuya Harada},
  year          = {2019},
  eprint        = {1906.01861},
  archiveprefix = {arXiv}
}

@misc{kersting2016benchmark,
  title  = {Benchmark Data Sets for Graph Kernels},
  author = {Kristian Kersting and Nils M. Kriege and Christopher Morris and Petra Mutzel and Marion Neumann},
  year   = {2016},
  url    = {http://graphkernels.cs.tu-dortmund.de}
}

@article{kersting2016benchmarkgraphkernels,
  title   = {Benchmark data sets for graph kernels, 2016},
  journal = {URL http://graphkernels. cs. tu-dortmund. de},
  author  = {Kersting, Kristian and Kriege, Nils M and Morris, Christopher and Mutzel, Petra and Neumann, Marion},
  year    = {2016}
}

@article{kim2019gcnspatiotemporal,
  title   = {Graph convolutional network approach applied to predict hourly bike-sharing demands considering spatial, temporal, and global effects},
  volume  = {14},
  number  = {9},
  journal = {PloS one},
  author  = {San Kim, Tae and Lee, Won Kyung and Sohn, So Young},
  year    = {2019},
  note    = {Publisher: Public Library of Science}
}

@article{kingma2014vae,
  title   = {Auto-encoding variational {Bayes}},
  journal = {Proceedings of the 2nd International Conference on Learning Representations (ICLR)},
  author  = {Kingma, Diederik P. and Welling, Max},
  year    = {2014}
}

@inproceedings{kingma2015adam,
  author    = {Diederik P. Kingma and Jimmy Ba},
  title     = {Adam: {A} Method for Stochastic Optimization},
  booktitle = {Proceedings of the 3rd International Conference on Learning Representations},
  year      = {2015},
  series    = {{ICLR}}
}

@inproceedings{kipf2016variationalgae,
  title     = {Variational graph auto-encoders},
  booktitle = {Workshop on {Bayesian} {Deep} {Learning}, {Neural} {Information} {Processing} {System} ({NIPS})},
  author    = {Kipf, Thomas N and Welling, Max},
  year      = {2016}
}

@inproceedings{kipf2017semisupervisedgcn,
  title     = {Semi-supervised classification with graph convolutional networks},
  booktitle = {Proceedings of the 5th {International} {Conference} on {Learning} {Representations} ({ICLR})},
  author    = {Kipf, Thomas N and Welling, Max},
  year      = {2017}
}

@inproceedings{kipf2019neuralinference,
  title     = {Neural relational inference for interacting systems},
  booktitle = {Proceedings of the 35th {International} {Conference} on {Machine} {Learning} ({ICML})},
  author    = {Kipf, Thomas and Fetaya, Ethan and Wang, Kuan-Chieh and Welling, Max and Zemel, Richard},
  year      = {2018},
  pages     = {2688--2697}
}

@article{kitano2004biological,
  title     = {Biological robustness},
  author    = {Kitano, Hiroaki},
  journal   = {Nature Reviews Genetics},
  volume    = {5},
  number    = {11},
  pages     = {826},
  year      = {2004},
  publisher = {Nature Publishing Group}
}

@article{kitano2007towards,
  title     = {Towards a theory of biological robustness},
  author    = {Kitano, Hiroaki},
  journal   = {Molecular systems biology},
  volume    = {3},
  number    = {1},
  year      = {2007},
  publisher = {John Wiley \& Sons, Ltd}
}

@inproceedings{klicpera2019perspagerank,
  title     = {Combining neural networks with personalized {PageRank} for classification on graphs},
  booktitle = {Proceedings of the 7th {International} {Conference} on {Learning} {Representations} ({ICLR})},
  author    = {Klicpera, Johannes and Bojchevski, Aleksandar and Günnemann, Stephan},
  year      = {2019}
}

@inproceedings{klicpera2019predictpropagate,
  title     = {Predict then Propagate: Graph Neural Networks meet Personalized PageRank},
  author    = {Johannes Klicpera and Aleksandar Bojchevski and Stephan Günnemann},
  booktitle = {ICLR},
  year      = {2019}
}

@inproceedings{klicpera2020directionalmp,
  title     = {Directional Message Passing for Molecular Graphs},
  author    = {Johannes Klicpera and Janek Groß and Stephan Günnemann},
  booktitle = {Proceedings of the 8th {International} {Conference} on {Learning} {Representations} ({ICLR})},
  year      = {2020}
}

@inproceedings{kohavi1995kfold,
  title     = {A study of cross-validation and bootstrap for accuracy estimation and model selection},
  author    = {Kohavi, Ron and others},
  booktitle = {Proceedings of the International Joint Conference on Artificial Intelligence (IJCAI) },
  volume    = {14},
  number    = {2},
  pages     = {1137--1145},
  year      = {1995}
}

@article{kohonen1990som,
  title     = {The self-organizing map},
  author    = {Kohonen, Teuvo},
  journal   = {Proceedings of the IEEE},
  volume    = {78},
  number    = {9},
  pages     = {1464--1480},
  year      = {1990},
  publisher = {IEEE}
}

@inproceedings{krizhevsky2017imagenet,
  title     = {ImageNet classification with deep convolutional neural networks},
  author    = {A. Krizhevsky and Ilya Sutskever and Geoffrey E. Hinton},
  booktitle = {CACM},
  year      = {2017}
}

@article{kullback1951kld,
  author  = {Kullback, Solomon and Leibler, Richard A.},
  journal = {Ann. Math. Statist.},
  number  = 1,
  pages   = {79--86},
  title   = {{On Information and Sufficiency}},
  volume  = 22,
  year    = 1951
}

@article{kumar2012fragbasedreview,
  author  = {Kumar, A. and Voet, A. and Zhang, K. Y. J.},
  year    = {2012},
  title   = {{Fragment Based Drug Design: From Experimental to Computational Approaches}},
  volume  = {19},
  issue   = {5128},
  journal = {{Current Medicinal Chemistry}}
}

@inproceedings{kusner2017grammarvae,
  title     = {{Grammar Variational Autoencoder}},
  author    = {Kusner, M. J. and Paige, B. and Hern{\'a}ndez-Lobato, J. M.},
  booktitle = {Proceedings of the 34th International Conference on Machine Learning},
  pages     = {1945--1954},
  year      = {2017},
  volume    = {70},
  series    = {{Proceedings of Machine Learning Research}}
}

@article{kwon2019efficientgraphvae,
  title   = {Efficient learning of non-autoregressive graph variational autoencoders for molecular graph generation},
  volume  = {11},
  number  = {1},
  journal = {Journal of Cheminformatics},
  author  = {Kwon, Youngchun and Yoo, Jiho and Choi, Youn-Suk and Son, Won-Joon and Lee, Dongseon and Kang, Seokho},
  year    = {2019},
  note    = {Publisher: Springer},
  pages   = {70}
}
@inproceedings{kyunghyun2014encoderdecoder,
  author    = {Kyunghyun Cho and
               Bart van Merrienboer and
               {\c{C}}aglar G{\"{u}}l{\c{c}}ehre and
               Dzmitry Bahdanau and
               Fethi Bougares and
               Holger Schwenk and
               Yoshua Bengio},
  title     = {Learning phrase representations using RNN encoder-decoder for statistical machine translation},
  booktitle = {Proceedings of the 2014 {Conference} on {Empirical} {Methods} in {Natural} {Language} {Processing}, ({EMNLP})},
  pages     = {1724--1734},
  year      = {2014}
}

@article{larhlimi2011robustness,
  title     = {Robustness of metabolic networks: a review of existing definitions},
  author    = {Larhlimi, Abdelhalim and Blachon, Sylvain and Selbig, Joachim and Nikoloski, Zoran},
  journal   = {Biosystems},
  volume    = {106},
  number    = {1},
  pages     = {1--8},
  year      = {2011},
  publisher = {Elsevier}
}

@article{le2006biomodels,
  title     = {BioModels Database: a free, centralized database of curated, published, quantitative kinetic models of biochemical and cellular systems},
  author    = {Le Novere, Nicolas and Bornstein, Benjamin and Broicher, Alexander and Courtot, Melanie and Donizelli, Marco and Dharuri, Harish and Li, Lu and Sauro, Herbert and Schilstra, Maria and Shapiro, Bruce and others},
  journal   = {Nucleic acids research},
  volume    = {34},
  number    = {suppl\_1},
  pages     = {D689--D691},
  year      = {2006},
  publisher = {Oxford University Press}
}

@article{le2009systems,
  title     = {The systems biology graphical notation},
  author    = {Le Novere, Nicolas and Hucka, Michael and Mi, Huaiyu and Moodie, Stuart and Schreiber, Falk and Sorokin, Anatoly and Demir, Emek and Wegner, Katja and Aladjem, Mirit I and Wimalaratne, Sarala M and others},
  journal   = {Nature biotechnology},
  volume    = {27},
  number    = {8},
  pages     = {735},
  year      = {2009},
  publisher = {Nature Publishing Group}
}

@article{lecun1995convolutionalnn,
  title   = {Convolutional networks for images, speech, and time series},
  volume  = {3361},
  number  = {10},
  journal = {The Handbook of Brain Theory and Neural Networks},
  author  = {LeCun, Yann and Bengio, Yoshua and {others}},
  year    = {1995},
  pages   = {1995}
}

@inproceedings{lecun1998backprop,
  author    = {LeCun, Yann and Bottou, L\'{e}on and Orr, Genevieve B. and M\"{u}ller, Klaus-Robert},
  title     = {Efficient BackProp},
  year      = {1998},
  isbn      = {3540653112},
  publisher = {Springer-Verlag},
  address   = {Berlin, Heidelberg},
  booktitle = {Neural Networks: Tricks of the Trade, This Book is an Outgrowth of a 1996 NIPS Workshop},
  pages     = {9–50},
  numpages  = {42}
}

@inproceedings{lee2019sagpool,
  title     = {Self-attention graph pooling},
  booktitle = {Proceedings of the 36th {International} {Conference} on {Machine} {Learning} ({ICML})},
  author    = {Lee, Junhyun and Lee, Inyeop and Kang, Jaewoo},
  year      = {2019},
  pages     = {3734--3743}
}

@inproceedings{leskovec2005graphsovertime,
  title     = {Graphs over time: densification laws, shrinking diameters and possible explanations},
  booktitle = {Proceedings of the 11th {International} {Conference} on {Knowledge} {Discovery} in {Data} {Mining} ({SIGKDD})},
  publisher = {ACM},
  author    = {Leskovec, Jure and Kleinberg, Jon and Faloutsos, Christos},
  year      = {2005},
  pages     = {177--187}
}

@article{leskovec2010kronecker,
  author  = {Leskovec, Jure and Chakrabarti, Deepayan and Kleinberg, Jon and Faloutsos, Christos and Ghahramani, Zoubin},
  journal = {{Journal of Machine Learning Research}},
  pages   = {985--1042},
  title   = {{Kronecker Graphs: An Approach to Modeling Networks}},
  volume  = 11,
  year    = 2010
}

@article{li2010biomodels,
  author  = {Li, Chen and Donizelli, Marco and Rodriguez, Nicolas and Dharuri, Harish and Endler, Lukas and Chelliah, Vijayalakshmi
and Li, Lu and He, Enuo and Henry, Arnaud and Stefan, Melanie I. and Snoep, Jacky L. and Hucka, Michael and Le Nov{\`e}re, Nicolas and Laibe, Camille},
  title   = {{BioModels Database: An enhanced, curated and annotated resource for published quantitative kinetic models.}},
  journal = {BMC Systems Biology},
  year    = {2010},
  month   = {Jun},
  volume  = {4},
  pages   = {92},
  pmid    = {20587024}
}

@inproceedings{li2016gatedgnn,
  author    = {Li, Y. and Zemel, R. and Brockschmidt, M. and others},
  title     = {Gated Graph Sequence Neural Networks},
  booktitle = {Proceedings of ICLR},
  year      = {2016}
}

@inproceedings{li2016gsgnn,
  title     = {Gated {Graph} {Sequence} {Neural} {Networks}},
  booktitle = {Proceedings of the 4th {International} {Conference} on {Learning} {Representations}, ({ICLR})},
  author    = {Li, Yujia and Tarlow, Daniel and Brockschmidt, Marc and Zemel, Richard S.},
  year      = {2016}
}

@inproceedings{li2018deeperinsightgraphconvsemisupervised,
  title     = {Deeper insights into graph convolutional networks for semi-supervised learning},
  booktitle = {Proceedings of the 32nd {AAAI} {Conference} on {Artificial} {Intelligence} ({AAAI})},
  author    = {Li, Qimai and Han, Zhichao and Wu, Xiao-Ming},
  year      = {2018}
}

@article{li2018learningdeepgmg,
  title   = {Learning deep generative models of graphs},
  volume  = {abs/1803.03324},
  journal = {CoRR},
  author  = {Yujia Li  and Oriol Vinyals and Chris Dyer  and Razvan Pascanu  and Peter W. Battaglia},
  year    = {2018}
}

@article{lim2018cvaemoleculegeneration,
  author  = {Lim, J.
and Ryu, S.
and Kim, J. W.
and others},
  title   = {Molecular generative model based on conditional variational autoencoder for de novo molecular design},
  journal = {Journal of Cheminformatics},
  year    = {2018},
  volume  = {10},
  number  = {1}
}

@article{linial1992locality,
  title     = {Locality in distributed graph algorithms},
  author    = {Linial, Nathan},
  journal   = {SIAM {Journal} on {Computing}},
  volume    = {21},
  number    = {1},
  pages     = {193--201},
  year      = {1992},
  publisher = {SIAM}
}

@article{lipton2018troubling,
  title   = {Troubling trends in machine learning scholarship},
  author  = {Lipton, Zachary C and Steinhardt, Jacob},
  journal = {arXiv preprint arXiv:1807.03341},
  year    = {2018}
}

@incollection{liu2018cgvae,
  title     = {{Constrained Graph Variational Autoencoders for Molecule Design}},
  author    = {Liu, Q. and Allamanis, M. and Brockschmidt, M. and others},
  booktitle = {{Advances in Neural Information Processing Systems 31}},
  pages     = {7795--7804},
  year      = {2018}
}

@inproceedings{liu2018constrainedgvaemolecule,
  title     = {Constrained Graph Variational Autoencoders for Molecule Design},
  author    = {Liu, Qi and Allamanis, Miltiadis and Brockschmidt, Marc and Gaunt, Alexander},
  booktitle = {Advances in Neural Information Processing Systems 31},
  pages     = {7795--7804},
  year      = {2018}
}

@inproceedings{locatello2019challenging,
  title     = {Challenging Common Assumptions in the Unsupervised Learning of Disentangled Representations},
  author    = {Locatello, Francesco and Bauer, Stefan and Lucic, Mario and Raetsch, Gunnar and Gelly, Sylvain and Sch{\"o}lkopf, Bernhard and Bachem, Olivier},
  booktitle = {Proceedings of the International Conference on Machine Learning ({ICML})},
  pages     = {4114--4124},
  year      = {2019},
  volume    = {97},
  series    = {Proceedings of Machine Learning Research},
  publisher = {PMLR}
}

@inproceedings{loukas2020depthvswidth,
  title     = {What graph neural networks cannot learn: depth vs width},
  author    = {Andreas Loukas},
  booktitle = {Proceedings of the 8th {International} {Conference} on {Learning} {Representations} ({ICLR})},
  year      = {2020}
}

@article{lovasz1993randomwalks,
  title   = {Random walks on graphs: {A} survey},
  volume  = {2},
  number  = {1},
  journal = {Combinatorics, Paul Erdos is eighty},
  author  = {Lovász, László and {others}},
  year    = {1993},
  pages   = {1--46}
}

@article{luzhnica2019ongraphbaselines,
  title   = {On Graph Classification Networks, Datasets and Baselines},
  author  = {Luzhnica, Enxhell and Day, Ben and Li{\`o}, Pietro},
  journal = {Workshop on Learning and Reasoning with Graph-Structured Data, International Conference on Machine Learning ({ICML})},
  year    = {2019}
}

@inproceedings{maas2013rectifier,
  title     = {Rectifier nonlinearities improve neural network acoustic models},
  booktitle = {Workshop on {Deep} {Learning} for {Audio}, {Speech} and {Language} {Processing}, {International} {Conference} on {Machine} {Learning} ({ICML})},
  author    = {Maas, Andrew L. and Hannun, Awni Y. and Ng, Andrew Y.},
  year      = {2013}
}

@article{macskassy2007classificationnetworkdata,
  title   = {Classification in networked data: {A} toolkit and a univariate case study},
  volume  = {8},
  number  = {May},
  journal = {Journal of Machine Learning Research},
  author  = {Macskassy, Sofus A and Provost, Foster},
  year    = {2007},
  pages   = {935--983}
}

@article{maddison2016gumbel,
  author        = {Chris J. Maddison and
             Andriy Mnih and
             Yee Whye Teh},
  title         = {The Concrete Distribution: {A} Continuous Relaxation of Discrete Random
             Variables},
  journal       = {CoRR},
  volume        = {abs/1611.00712},
  year          = {2016},
  url           = {http://arxiv.org/abs/1611.00712},
  archiveprefix = {arXiv},
  eprint        = {1611.00712},
  timestamp     = {Mon, 13 Aug 2018 16:48:00 +0200},
  biburl        = {https://dblp.org/rec/journals/corr/MaddisonMT16.bib},
  bibsource     = {dblp computer science bibliography, https://dblp.org}
}

@article{maggiora2014molecularsimilarity,
  title       = {{Molecular similarity in medicinal chemistry}},
  author      = {Maggiora, G. and Vogt, M. and Stumpfe, D. and Bajorath, J.},
  journal     = {Journal of medicinal chemistry},
  journal-iso = {J. Med. Chem.},
  volume      = {57},
  number      = {8},
  year        = {2014},
  month       = {Apr},
  pages       = {3186--204},
  doi         = {10.1021/jm401411z},
  pmid        = {24151987}
}

@article{maragakis2020desmiles,
  title   = {{A deep-learning view of chemical space designed to facilitate drug discovery}},
  author  = {Maragakis, P. and Nisonoff, H. and Cole, B. and Shaw, D.E.},
  year    = {2020},
  journal = {arXiv preprint arXiv:2002.02948}
}

@inproceedings{marcheggiani2017encodingsentencesgcn,
  title     = {Encoding sentences with graph convolutional networks for semantic role labeling},
  booktitle = {Proceedings of the 2017 {Conference} on {Empirical} {Methods} in {Natural} {Language} {Processing} ({EMNLP})},
  author    = {Marcheggiani, Diego and Titov, Ivan},
  year      = {2017},
  pages     = {1506--1515}
}

@inproceedings{marcheggiani2018exploitinsemanticsggcn,
  title     = {Exploiting semantics in neural machine translation with graph convolutional networks},
  booktitle = {Proceedings of the 2018 {Conference} of the {North} {American} {Chapter} of the {Association} for {Computational} {Linguistics}: {Human} {Language} {Technologies} ({NAACL}-{HLT}), {Volume} 2 ({Short} {Papers})},
  author    = {Marcheggiani, Diego and Bastings, Joost and Titov, Ivan},
  year      = {2018},
  pages     = {486--492}
}

@article{marquez2018deepcascade,
  title   = {Deep cascade learning},
  volume  = {29},
  number  = {11},
  journal = {IEEE Transactions on Neural Networks and Learning Systems},
  author  = {Marquez, Enrique S and Hare, Jonathon S and Niranjan, Mahesan},
  year    = {2018},
  note    = {Publisher: IEEE},
  pages   = {5475--5485}
}

@inproceedings{massarelli2019safe,
  title     = {Safe: {Self}-attentive function embeddings for binary similarity},
  booktitle = {Proceedings of the 16th {International} {Conference} on {Detection} of {Intrusions} and {Malware}, and {Vulnerability} {Assessment} ({DIMVA})},
  publisher = {Springer},
  author    = {Massarelli, Luca and Di Luna, Giuseppe Antonio and Petroni, Fabio and Baldoni, Roberto and Querzoni, Leonardo},
  year      = {2019},
  pages     = {309--329}
}

@article{mcdermott1976stupidity,
  title     = {Artificial intelligence meets natural stupidity},
  author    = {McDermott, Drew},
  journal   = {ACM SIGART Bulletin},
  volume    = {57},
  pages     = {4--9},
  year      = {1976},
  publisher = {ACM}
}

@article{micheli2004contextualcascor,
  title   = {Contextual processing of structured data by recursive cascade correlation},
  volume  = {15},
  number  = {6},
  journal = {IEEE Transactions on Neural Networks},
  author  = {Micheli, Alessio and Sona, Diego and Sperduti, Alessandro},
  year    = {2004},
  note    = {Publisher: IEEE},
  pages   = {1396--1410}
}

@article{micheli2004recnn,
  author  = {Micheli, Alessio and Sona, Diego and Sperduti, Alessandro},
  year    = {2004},
  pages   = {1396--1410},
  title   = {Contextual Processing of Structured Data by Recursive Cascade Correlation},
  volume  = {15},
  journal = {IEEE Transactions on Neural Networks}
}

@article{micheli2007introductionrecnncheminformatics,
  title   = {An introduction to recursive neural networks and kernel methods for cheminformatics},
  volume  = {13},
  number  = {14},
  journal = {Current Pharmaceutical Design},
  author  = {Micheli, Alessio and Sperduti, Alessandro and Starita, Antonina},
  year    = {2007},
  pages   = {1469--1496}
}

@article{micheli2009nn4g,
  author  = {Micheli, Alessio},
  title   = {{Neural Network for Graphs: A Contextual Constructive Approach}},
  journal = {{Trans. Neur. Netw.}},
  volume  = {20},
  number  = {3},
  year    = {2009},
  pages   = {498--511}
}

@inproceedings{mikolov2014skipgram,
  author    = {Q. V. Le and T. Mikolov},
  title     = {{Distributed Representations of Sentences and Documents}},
  booktitle = {{Proceedings of the 31th International Conference on Machine Learning, ICML }},
  pages     = {1188--1196},
  year      = {2014}
}

@inproceedings{mishra2018abusedetection,
  title     = {Neural character-based composition models for abuse detection},
  booktitle = {Proceedings of the 2nd {Workshop} on {Abusive} {Language} {Online} ({ALW2})},
  author    = {Mishra, Pushkar and Yannakoudakis, Helen and Shutova, Ekaterina},
  year      = {2018},
  pages     = {1--10}
}

@article{mitchell1997evaluatinghypotheses,
  title   = {Evaluating hypotheses},
  journal = {Machine Learning},
  author  = {Mitchell, Tom M.},
  year    = {1997},
  note    = {Publisher: WCB/McGraw-Hill
Section: 5},
  pages   = {128--153}
}

@book{mitchell1997ml,
  author    = {Mitchell, Tom},
  publisher = {McGraw-Hill Education},
  title     = {Machine Learning},
  year      = {1997}
}

@article{mohamed2016implicitgan,
  author  = {Shakir Mohamed and Balaji Lakshminarayanan},
  title   = {Learning in Implicit Generative Models},
  year    = {2016},
  journal = {CoRR},
  volume  = {abs/1610.03483}
}

@inproceedings{monti2017geometricmatrixcompl,
  title     = {Geometric matrix completion with recurrent multi-graph neural networks},
  booktitle = {Proceedings of the 31st {International} {Conference} on {Neural} {Information} {Processing} {Systems}},
  author    = {Monti, Federico and Bronstein, Michael M. and Bresson, Xavier},
  year      = {2017},
  pages     = {3700--3710}
}

@article{moon1996expectationmaximization,
  title   = {The expectation-maximization algorithm},
  volume  = {13},
  number  = {6},
  journal = {IEEE Signal Processing Magazine},
  author  = {Moon, Todd K},
  year    = {1996},
  note    = {Publisher: IEEE},
  pages   = {47--60}
}

@inproceedings{morris2019weisfeilerlehmangoneural,
  title     = {Weisfeiler and leman go neural: {Higher}-order graph neural networks},
  volume    = {33},
  booktitle = {Proceedings of the 33rd {AAAI} {Conference} on {Artificial} {Intelligence} ({AAAI})},
  author    = {Morris, Christopher and Ritzert, Martin and Fey, Matthias and Hamilton, William L and Lenssen, Jan Eric and Rattan, Gaurav and Grohe, Martin},
  year      = {2019},
  pages     = {4602--4609}
}

@inproceedings{moschitti2006fficientconvolutionkernels,
  title     = {Efficient convolution kernels for dependency and constituent syntactic trees},
  volume    = {4212},
  booktitle = {Proceedings of the 17th {European} {Conference} on {Machine} {Learning} ({ECML})},
  publisher = {Springer},
  author    = {Moschitti, Alessandro},
  year      = {2006},
  pages     = {318--329}
}

@inproceedings{namata2012pubmed,
  title     = {Query-driven active surveying for collective classification},
  booktitle = {Proceedings of the {Workshop} on {Mining} and {Learning} with {Graphs}},
  author    = {Namata, Galileo Mark and London, Ben and Getoor, Lise and Huang, Bert},
  year      = {2012}
}

@inproceedings{namrata2018genprotstruct,
  title     = {Generative Modeling for Protein Structures},
  author    = {Namrata Anand and Possu Huang},
  booktitle = {{International Conference of Learning Representations (ICLR)}},
  year      = {2018}
}

@article{naor1995can,
  title     = {What can be computed locally?},
  author    = {Naor, Moni and Stockmeyer, Larry},
  journal   = {SIAM {Journal} on {Computing}},
  volume    = {24},
  number    = {6},
  pages     = {1259--1277},
  year      = {1995},
  publisher = {SIAM}
}

@article{nastase2015graphsnlp,
  title   = {A survey of graphs in natural language processing},
  volume  = {21},
  number  = {5},
  journal = {Natural Language Engineering},
  author  = {Nastase, Vivi and Mihalcea, Rada and Radev, Dragomir R.},
  year    = {2015},
  pages   = {665--698}
}

@inproceedings{nasti2018formalizing,
  title        = {Formalizing a notion of concentration robustness for biochemical networks},
  author       = {Nasti, Lucia and Gori, Roberta and Milazzo, Paolo},
  booktitle    = {Federation of International Conferences on Software Technologies: Applications and Foundations},
  pages        = {81--97},
  year         = {2018},
  organization = {Springer}
}

@article{neal1992sigmoidbeliefnet,
  author     = {Neal, Radford M.},
  title      = {Connectionist Learning of Belief Networks},
  year       = {1992},
  issue_date = {July 1992},
  publisher  = {Elsevier Science Publishers Ltd.},
  address    = {GBR},
  volume     = {56},
  number     = {1},
  issn       = {0004-3702},
  url        = {https://doi.org/10.1016/0004-3702(92)90065-6},
  doi        = {10.1016/0004-3702(92)90065-6},
  journal    = {Artif. Intell.},
  month      = jul,
  pages      = {71–113},
  numpages   = {43}
}

@incollection{neal1998expectmaximincremental,
  title     = {A view of the {EM} algorithm that justifies incremental, sparse, and other variants},
  booktitle = {Learning in {Graphical} {Models}},
  publisher = {Springer},
  author    = {Neal, Radford M and Hinton, Geoffrey E},
  year      = {1998},
  pages     = {355--368}
}

@article{nechaev2018sociallink,
  title   = {{SocialLink}: exploiting graph embeddings to link {DBpedia} entities to {Twitter} profiles},
  volume  = {7},
  number  = {4},
  journal = {Progress in Artificial Intelligence},
  author  = {Nechaev, Yaroslav and Corcoglioniti, Francesco and Giuliano, Claudio},
  year    = {2018},
  note    = {Publisher: Springer},
  pages   = {251--272}
}

@incollection{neil2018rnnmolecule,
  title     = {Exploring Deep Recurrent Models with Reinforcement Learning for Molecule Design},
  author    = {Daniel Neil and Marwin Segler and Laura Guash and Mohamed Ahmed and Dean Plumbey and Mattew Sellwood and Nathan Brown},
  booktitle = {{International} {Conference} of {Learning} {Representations} (ICLR) {Workshop}},
  year      = {2018}
}

@article{neuhaus2005somlearninggraphmatching,
  title     = {Self-organizing maps for learning the edit costs in graph matching},
  author    = {Neuhaus, Michel and Bunke, Horst},
  journal   = {IEEE Transactions on Systems, Man, and Cybernetics, Part B (Cybernetics)},
  volume    = {35},
  number    = {3},
  pages     = {503--514},
  year      = {2005},
  publisher = {IEEE}
}

@inproceedings{neumann2012efficientgraphkernelsrandom,
  title     = {Efficient graph kernels by randomization},
  booktitle = {Proceedings of the {Joint} {European} {Conference} on {Machine} {Learning} and {Knowledge} {Discovery} in {Databases} ({ECML} {PKDD})},
  publisher = {Springer},
  author    = {Neumann, Marion and Patricia, Novi and Garnett, Roman and Kersting, Kristian},
  year      = {2012},
  pages     = {378--393}
}

@inproceedings{niepert2016gcn,
  title     = {Learning Convolutional Neural Networks for Graphs},
  author    = {Mathias Niepert and Mohamed Ahmed and Konstantin Kutzkov},
  booktitle = {Proceedings of The 33rd International Conference on Machine Learning},
  pages     = {2014--2023},
  year      = {2016},
  volume    = {48}
}

@inproceedings{niepert2016learningconvnetsgraphs,
  title     = {Learning convolutional neural networks for graphs},
  booktitle = {Proceedings of the 33rd {International} {Conference} on {Machine} {Learning} ({ICML})},
  author    = {Niepert, Mathias and Ahmed, Mohamed and Kutzkov, Konstantin},
  year      = {2016},
  pages     = {2014--2023}
}

@book{nsa2019reproducibility,
  title     = {Reproducibility and replicability in science},
  author    = {National Academies of Sciences, Engineering and Medicine},
  year      = {2019},
  publisher = {National Academies Press}
}

@article{olivecrona2017deepreinforcementlearningmolecules,
  doi       = {10.1186/s13321-017-0235-x},
  url       = {https://doi.org/10.1186/s13321-017-0235-x},
  year      = {2017},
  month     = sep,
  publisher = {Springer Science and Business Media {LLC}},
  volume    = {9},
  number    = {1},
  author    = {Marcus Olivecrona and Thomas Blaschke and Ola Engkvist and Hongming Chen},
  title     = {Molecular de-novo design through deep reinforcement learning},
  journal   = {Journal of Cheminformatics}
}

@inproceedings{paassen2019esannreprlearnstructdata,
  title     = {Embeddings and Representation Learning for Structured Data},
  author    = {Benjamin Paa{\ss}en and Claudio Gallicchio and Alessio Micheli and Alessandro Sperduti},
  booktitle = {{Proceedings of the 27th European Symposium on Artificial Neural Networks (ESANN)}},
  year      = {2019}
}

@inproceedings{paszke2017pytorch,
  title     = {Automatic differentiation in PyTorch},
  author    = {Paszke, Adam and Gross, Sam and Chintala, Soumith and Chanan, Gregory and Yang, Edward and DeVito, Zachary and Lin, Zeming and Desmaison, Alban and Antiga, Luca and Lerer, Adam},
  booktitle = {NIPS-W},
  year      = {2017}
}

@article{pedregosa2011scikitlearn,
  title   = {Scikit-learn: machine learning in {Python}},
  volume  = {12},
  number  = {Oct},
  journal = {Journal of Machine Learning Research},
  author  = {Pedregosa, Fabian and Varoquaux, Gaël and Gramfort, Alexandre and Michel, Vincent and Thirion, Bertrand and Grisel, Olivier and Blondel, Mathieu and Prettenhofer, Peter and Weiss, Ron and Dubourg, Vincent and {others}},
  year    = {2011},
  pages   = {2825--2830}
}

@article{peleg2000distributedcomputing,
  title     = {Distributed computing},
  author    = {Peleg, David},
  journal   = {SIAM {Monographs} on discrete mathematics and applications},
  volume    = {5},
  pages     = {1--1},
  year      = {2000},
  publisher = {Springer}
}

@inproceedings{perozzi2014deepwalk,
  title     = {Deepwalk: {Online} learning of social representations},
  booktitle = {Proceedings of the 20th {International} {Conference} on {Knowledge} {Discovery} and {Data} {Mining} ({SIGKDD})},
  publisher = {ACM},
  author    = {Perozzi, Bryan and Al-Rfou, Rami and Skiena, Steven},
  year      = {2014},
  pages     = {701--710}
}

@article{peterson1977petri,
  title     = {Petri nets},
  author    = {Peterson, James L},
  journal   = {ACM Computing Surveys (CSUR)},
  volume    = {9},
  number    = {3},
  pages     = {223--252},
  year      = {1977},
  publisher = {ACM}
}

@inproceedings{podda2020aistats,
  title     = {A Deep Generative Model for Fragment-Based Molecule Generation},
  author    = {Podda, Marco and Bacciu, Davide and Micheli, Alessio},
  booktitle = {Proceedings of the Twenty Third International Conference on Artificial Intelligence and Statistics},
  pages     = {2240--2250},
  year      = {2020},
  editor    = {Silvia Chiappa and Roberto Calandra},
  volume    = {108},
  series    = {Proceedings of Machine Learning Research},
  publisher = {PMLR},
  pdf       = {http://proceedings.mlr.press/v108/podda20a/podda20a.pdf},
  url       = {http://proceedings.mlr.press/v108/podda20a.html}
}

@article{popova2019molecularrnn,
  title   = {{MolecularRNN: Generating realistic molecular graphs with optimized properties}},
  author  = {M. Popova and M. Shvets and J.B. Oliva and O. Isayev},
  journal = {arXiv preprint arXiv:1905.13372},
  year    = {2019}
}

@incollection{prechelt1998earlystopping,
  title     = {Early stopping-but when?},
  author    = {Prechelt, Lutz},
  booktitle = {Neural Networks: Tricks of the trade},
  pages     = {55--69},
  year      = {1998},
  publisher = {Springer}
}

@inproceedings{qu2019graphmarkovnn,
  title     = {{GMNN}: {Graph} {Markov} {Neural} {Networks}},
  booktitle = {Proceedings of the 36th {International} {Conference} on {Machine} {Learning} ({ICML})},
  author    = {Qu, Meng and Bengio, Yoshua and Tang, Jian},
  year      = {2019},
  pages     = {5241--5250}
}

@article{rabiner1986introductionhiddenmarkovmodels,
  title   = {An introduction to hidden {Markov} models},
  volume  = {3},
  number  = {1},
  journal = {IEEE ASSP Magazine},
  author  = {Rabiner, Lawrence R and Juang, Biing-Hwang},
  year    = {1986},
  note    = {Publisher: IEEE},
  pages   = {4--16}
}

@article{ralaivola2005graphkernels,
  title     = {Graph kernels for chemical informatics},
  author    = {Ralaivola, Liva and Swamidass, Sanjay J and Saigo, Hiroto and Baldi, Pierre},
  journal   = {Neural networks},
  volume    = {18},
  number    = {8},
  pages     = {1093--1110},
  year      = {2005},
  publisher = {Elsevier}
}

@article{ramakrishnan2014qm9,
  title   = {{Quantum chemistry structures and properties of 134 kilo molecules}},
  author  = {Ramakrishnan, R. and Dral, P. O. and Rupp, M. and others},
  journal = {{Scientific Data}},
  volume  = {1},
  year    = {2014}
}

@article{ramakrishnan2014qm9,
  title   = {{Quantum chemistry structures and properties of 134 kilo molecules}},
  author  = {Ramakrishnan, R. and Dral, P. O. and Rupp, M. and others},
  journal = {{Scientific Data}},
  volume  = {1},
  year    = {2014}
}

@book{rasmussen2005gaussianprocessesbook,
  author    = {Rasmussen, Carl Edward and Williams, Christopher K. I.},
  title     = {Gaussian Processes for Machine Learning (Adaptive Computation and Machine Learning)},
  year      = {2005},
  isbn      = {026218253X},
  publisher = {The MIT Press}
}

@misc{rdkit,
  author       = {Greg Landrum},
  title        = {{RDK}it: Open-source cheminformatics},
  howpublished = {\url{http://www.rdkit.org}},
  note         = {[Online; accessed 11-April-2013]},
  year         = {2013}
}

@inproceedings{reddy1993petri,
  title     = {Petri net representations in metabolic pathways.},
  author    = {Reddy, Venkatramana N and Mavrovouniotis, Michael L and Liebman, Michael N and others},
  booktitle = {ISMB},
  volume    = {93},
  pages     = {328--336},
  year      = {1993}
}

@inproceedings{rezende2015normalizingflows,
  title     = {Variational Inference with Normalizing Flows},
  author    = {Danilo Rezende and Shakir Mohamed},
  booktitle = {Proceedings of the 32nd International Conference on Machine Learning},
  pages     = {1530--1538},
  year      = {2015},
  volume    = {37},
  series    = {Proceedings of Machine Learning Research},
  publisher = {PMLR}
}

@inproceedings{ribeiro2017struc2vec,
  title     = {struc2vec: {Learning} node representations from structural identity},
  booktitle = {Proceedings of the 23rd {International} {Conference} on {Knowledge} {Discovery} and {Data} {Mining} ({SIGKDD})},
  publisher = {ACM},
  author    = {Ribeiro, Leonardo FR and Saverese, Pedro HP and Figueiredo, Daniel R},
  year      = {2017},
  pages     = {385--394}
}

@inproceedings{rifai2011contractiveautoenc,
  author    = {Rifai, Salah and Vincent, Pascal and Muller, Xavier and Glorot, Xavier and Bengio, Yoshua},
  title     = {Contractive Auto-Encoders: Explicit Invariance during Feature Extraction},
  year      = {2011},
  isbn      = {9781450306195},
  booktitle = {Proceedings of the 28th International Conference on International Conference on Machine Learning},
  pages     = {833–840},
  numpages  = {8},
  series    = {ICML'11}
}

@article{rizk2009general,
  title     = {A general computational method for robustness analysis with applications to synthetic gene networks},
  author    = {Rizk, Aur{\'e}lien and Batt, Gregory and Fages, Fran{\c{c}}ois and Soliman, Sylvain},
  journal   = {Bioinformatics},
  volume    = {25},
  number    = {12},
  pages     = {i169--i178},
  year      = {2009},
  publisher = {Oxford University Press}
}

@article{robins2007exponentialrandomgraphs,
  title   = {Recent developments in exponential random graph (p*) models for social networks},
  journal = {Social Networks},
  volume  = {29},
  number  = {2},
  pages   = {192 - 215},
  year    = {2007},
  note    = {Special Section: Advances in Exponential Random Graph (p*) Models},
  issn    = {0378-8733},
  doi     = {https://doi.org/10.1016/j.socnet.2006.08.003},
  url     = {http://www.sciencedirect.com/science/article/pii/S0378873306000384},
  author  = {Garry Robins and Tom Snijders and Peng Wang and Mark Handcock and Philippa Pattison}
}

@article{rogers2010ecfp,
  title       = {{Extended-connectivity fingerprints}},
  author      = {Rogers, D. and Hahn, M.},
  journal     = {Journal of chemical information and modeling},
  journal-iso = {J Chem Inf Model},
  volume      = {50},
  number      = {5},
  year        = {2010},
  month       = {May},
  pages       = {742--54},
  doi         = {10.1021/ci100050t},
  pmid        = {20426451}
}

@article{rosenblatt1958perceptron,
  author  = {Rosenblatt, Frank},
  title   = {The Perceptron: A Probabilistic Model for Information Storage and Organization in The Brain},
  journal = {Psychological Review},
  year    = {1958},
  volume  = {65},
  number  = {6},
  pages   = {65-386}
}

@article{ruder2016overviewsgd,
  title   = {An overview of gradient descent optimization algorithms},
  author  = {Ruder, Sebastian},
  journal = {arXiv preprint arXiv:1609.04747},
  year    = {2016}
}

@incollection{rumelhart1986backprop,
  author    = {Rumelhart, David E. and McClelland, James L. and Hinton, Geoffrey E.},
  title     = {Learning Internal Representations by Error Propagation},
  booktitle = {Parallel Distributed Processing: Explorations in the Microstructure of Cognition, Vol. 1},
  year      = {1986},
  pages     = {77-109},
  publisher = {MIT Press}
}

@inproceedings{sadhanala2016graphsparsificationlaplaciansmoothing,
  title     = {Graph sparsification approaches for laplacian smoothing},
  booktitle = {Artificial {Intelligence} and {Statistics}},
  author    = {Sadhanala, Veeru and Wang, Yu-Xiang and Tibshirani, Ryan},
  year      = {2016},
  pages     = {1250--1259}
}

@inproceedings{samanta2019nevae,
  title     = {{NeVAE}: {A} deep generative model for molecular graphs},
  booktitle = {Proceedings of the 33rd {AAAI} {Conference} on {Artificial} {Intelligence} ({AAAI})},
  author    = {Samanta, Bidisha and De, Abir and Jana, Gourhari and Chattaraj, Pratim Kumar and Ganguly, Niloy and Rodriguez, Manuel Gomez},
  year      = {2019},
  pages     = {1110--1117}
}

@article{saul1999mixedmemorymarkovmodels,
  title   = {Mixed memory {Markov} models: {Decomposing} complex stochastic processes as mixtures of simpler ones},
  volume  = {37},
  number  = {1},
  journal = {Machine Learning},
  author  = {Saul, Lawrence K and Jordan, Michael I},
  year    = {1999},
  note    = {Publisher: Springer},
  pages   = {75--87}
}

@article{scarselli2009gnn,
  author  = {Scarselli, Franco and Gori, Marco and Tsoi, Ah Chung and Hagenbuchner, Markus and Monfardini, Gabriele},
  title   = {{The Graph Neural Network Model}},
  journal = {Trans. Neur. Netw.},
  volume  = {20},
  number  = {1},
  year    = {2009},
  pages   = {61--80}
}

@inproceedings{schlichtkrull2018relationaldatagcn,
  title     = {Modeling relational data with graph convolutional networks},
  booktitle = {Proceedings of the 15th {European} {Semantic} {Web} {Conference} ({ESWC})},
  publisher = {Springer},
  author    = {Schlichtkrull, Michael and Kipf, Thomas N and Bloem, Peter and van den Berg, Rianne and Titov, Ivan and Welling, Max},
  year      = {2018},
  pages     = {593--607}
}

@article{schomburg2004enzymes,
  title     = {BRENDA, the enzyme database: updates and major new developments},
  author    = {Schomburg, Ida and Chang, Antje and Ebeling, Christian and Gremse, Marion and Heldt, Christian and Huhn, Gregor and Schomburg, Dietmar},
  journal   = {Nucleic acids research},
  volume    = {32},
  number    = {suppl\_1},
  pages     = {D431--D433},
  year      = {2004},
  publisher = {Oxford University Press}
}

@article{segler2017moleculelibrariesrnn,
  doi       = {10.1021/acscentsci.7b00512},
  url       = {https://doi.org/10.1021%2Facscentsci.7b00512},
  year      = 2017,
  month     = {dec},
  publisher = {American Chemical Society ({ACS})},
  volume    = {4},
  number    = {1},
  pages     = {120--131},
  author    = {Marwin H. S. Segler and Thierry Kogej and Christian Tyrchan and Mark P. Waller},
  title     = {Generating Focused Molecule Libraries for Drug Discovery with Recurrent Neural Networks},
  journal   = {{ACS} Central Science}
}

@article{sen2008citeseercora,
  title   = {Collective classification in network data},
  volume  = {29},
  number  = {3},
  journal = {AI magazine},
  author  = {Sen, Prithviraj and Namata, Galileo and Bilgic, Mustafa and Getoor, Lise and Galligher, Brian and Eliassi-Rad, Tina},
  year    = {2008},
  pages   = {93--93}
}

@article{sharan2006modelingbiologicalnetowrk,
  title   = {Modeling cellular machinery through biological network comparison},
  volume  = {24},
  number  = {4},
  journal = {Nature Biotechnology},
  author  = {Sharan, Roded and Ideker, Trey},
  year    = {2006},
  note    = {Publisher: Nature Publishing Group},
  pages   = {427}
}

@inproceedings{shchur2018pitfalls,
  title     = {Pitfalls of graph neural network evaluation},
  author    = {Shchur, Oleksandr and Mumme, Maximilian and Bojchevski, Aleksandar and G{\"u}nnemann, Stephan},
  booktitle = {Relational Representation Learning Workshop, Advances in Neural Information Processing Systems ({N}eur{IPS}) },
  year      = {2018}
}

@inproceedings{shervashidze2009efficientgraphletkernels,
  title     = {Efficient graphlet kernels for large graph comparison},
  booktitle = {Proceedings of the 12th {International} {Conference} on {Artificial} {Intelligence} and {Statistics} ({AISTATS})},
  author    = {Shervashidze, Nino and Vishwanathan, SVN and Petri, Tobias and Mehlhorn, Kurt and Borgwardt, Karsten},
  year      = {2009},
  pages     = {488--495}
}

@inproceedings{shervashidze2009fastsubtreegraphkernel,
  title     = {Fast subtree kernels on graphs},
  booktitle = {Proceedings of the 23rd {Conference} on {Neural} {Information} {Processing} {Systems} ({NIPS})},
  author    = {Shervashidze, Nino and Borgwardt, Karsten M},
  year      = {2009},
  pages     = {1660--1668}
}

@article{shervashidze2011wlkernel,
  title   = {Weisfeiler-Lehman graph kernels},
  author  = {Shervashidze, Nino and Schweitzer, Pascal and Leeuwen, Erik Jan van and Mehlhorn, Kurt and Borgwardt, Karsten M},
  journal = {Journal of Machine Learning Research},
  volume  = {12},
  number  = {Sep},
  pages   = {2539--2561},
  year    = {2011}
}

@article{shinar2010structural,
  title     = {Structural sources of robustness in biochemical reaction networks},
  author    = {Shinar, Guy and Feinberg, Martin},
  journal   = {Science},
  volume    = {327},
  number    = {5971},
  pages     = {1389--1391},
  year      = {2010},
  publisher = {American Association for the Advancement of Science}
}

@article{siegelmann1995rnnturing,
  title   = {On the Computational Power of Neural Nets},
  journal = {Journal of Computer and System Sciences},
  volume  = {50},
  number  = {1},
  pages   = {132 - 150},
  year    = {1995},
  author  = {H.T. Siegelmann and E.D. Sontag}
}

@inproceedings{simonovsky2017ecc,
  author    = {Martin Simonovsky and
               Nikos Komodakis},
  title     = {Dynamic Edge-Conditioned Filters in Convolutional Neural Networks
               on Graphs},
  booktitle = {Proceedings of the {IEEE} Conference on Computer Vision and Pattern Recognition ({CVPR})},
  pages     = {29--38},
  year      = {2017}
}

@inproceedings{simonovsky2018graphvae,
  title     = {{GraphVAE}: {Towards} generation of small graphs using variational autoencoders},
  booktitle = {Proceedings of the 27th {International} {Conference} on {Artificial} {Neural} {Networks} ({ICANN})},
  author    = {Simonovsky, Martin and Komodakis, Nikos},
  year      = {2018},
  pages     = {412--422}
}

@article{sivakumar2011systems,
  title     = {A systems biology approach to model neural stem cell regulation by notch, shh, wnt, and EGF signaling pathways},
  author    = {Sivakumar, Krishnankutty Chandrika and Dhanesh, Sivadasan Bindu and Shobana, Sekar and James, Jackson and Mundayoor, Sathish},
  journal   = {Omics: a journal of integrative biology},
  volume    = {15},
  number    = {10},
  pages     = {729--737},
  year      = {2011},
  publisher = {Mary Ann Liebert, Inc. 140 Huguenot Street, 3rd Floor New Rochelle, NY 10801 USA}
}

@article{smola2008kernels,
  author    = {Hofmann, Thomas and Schölkopf, Bernhard and Smola, Alexander J.},
  doi       = {10.1214/009053607000000677},
  fjournal  = {Annals of Statistics},
  journal   = {Ann. Statist.},
  month     = {06},
  number    = {3},
  pages     = {1171--1220},
  publisher = {The Institute of Mathematical Statistics},
  title     = {Kernel methods in machine learning},
  url       = {https://doi.org/10.1214/009053607000000677},
  volume    = {36},
  year      = {2008}
}

@inproceedings{socher2011parsingscenes,
  title     = {Parsing natural scenes and natural language with recursive neural networks},
  booktitle = {Proceedings of the 28th {International} {Conference} on {Machine} {Learning} ({ICML})},
  author    = {Socher, Richard and Lin, Cliff C and Manning, Chris and Ng, Andrew Y},
  year      = {2011},
  pages     = {129--136}
}

@inproceedings{socher2013recnnsentiment,
  added-at  = {2017-12-23T08:06:03.000+0100},
  author    = {Socher, Richard and Perelygin, Alex and Wu, Jean and Chuang, Jason and Manning, Christopher D and Ng, Andrew and Potts, Christopher},
  biburl    = {https://www.bibsonomy.org/bibtex/275b3beb1230630b7e8fec928c3920c69/thoni},
  booktitle = {Proceedings of the 2013 conference on empirical methods in natural language processing},
  pages     = {1631--1642},
  title     = {Recursive deep models for semantic compositionality over a sentiment treebank},
  year      = 2013
}

@incollection{sohn2015cvae,
  title     = {Learning Structured Output Representation using Deep Conditional Generative Models},
  author    = {Sohn, K. and Lee, H. and Yan, X.},
  booktitle = {Advances in Neural Information Processing Systems 28},
  pages     = {3483--3491},
  year      = {2015},
  publisher = {Curran Associates, Inc.}
}

@article{somogyi2015libroadrunner,
  title     = {libRoadRunner: a high performance SBML simulation and analysis library},
  author    = {Somogyi, Endre T and Bouteiller, Jean-Marie and Glazier, James A and K{\"o}nig, Matthias and Medley, J Kyle and Swat, Maciej H and Sauro, Herbert M},
  journal   = {Bioinformatics},
  volume    = {31},
  number    = {20},
  pages     = {3315--3321},
  year      = {2015},
  publisher = {Oxford University Press}
}

@article{sperduti1997generalizedneuron,
  title     = {Supervised neural networks for the classification of structures},
  author    = {Sperduti, Alessandro and Starita, Antonina},
  journal   = {IEEE Transactions on Neural Networks},
  volume    = {8},
  number    = {3},
  pages     = {714--735},
  year      = {1997},
  publisher = {IEEE}
}

@article{sperduti1997recnn,
  author  = {Sperduti, A. and Starita, A.},
  title   = {{Supervised Neural Networks for the Classification of Structures}},
  journal = {IEEE Transactions on Neural Networks},
  year    = {1997},
  volume  = {8},
  number  = {3},
  pages   = {714--735}
}

@article{srivastava2014dropout,
  author  = {Srivastava, Nitish and Hinton, Geoffrey E. and Krizhevsky, Alex and Sutskever, Ilya and Salakhutdinov, Ruslan},
  title   = {Dropout: a Simple Way to Prevent Neural Networks from Overfitting},
  journal = {Journal of Machine Learning Research},
  volume  = {15},
  number  = {1},
  year    = {2014},
  pages   = {1929--1958}
}

@article{stone2006cv,
  author    = {Stone, Mervyn},
  title     = {Cross-validatory choice and assessment of statistical predictions},
  journal   = {Journal of the royal statistical society. Series B (Methodological)},
  pages     = {111--147},
  year      = {1974},
  publisher = {JSTOR}
}

@inproceedings{sun2019graph2graph,
  title     = {Graph to Graph: a Topology Aware Approach for Graph Structures Learning and Generation},
  author    = {Sun, Mingming and Li, Ping},
  booktitle = {Proceedings of Machine Learning Research},
  pages     = {2946--2955},
  year      = {2019},
  volume    = {89}
}

@inproceedings{sutskever2011charbasedlanguagemodels,
  author    = {Sutskever, I. and Martens, J. and Hinton, G.},
  title     = {Generating Text with Recurrent Neural Networks},
  booktitle = {Proceedings of the 28th International Conference on International Conference on Machine Learning},
  series    = {ICML},
  year      = {2011},
  pages     = {1017--1024}
}

@book{sutton1998rl,
  author    = {Sutton, Richard S. and Barto, Andrew G.},
  edition   = {Second},
  publisher = {The MIT Press},
  title     = {Reinforcement Learning: An Introduction},
  year      = {2018 }
}

@article{swamidass2005kernelssmallmolecules,
  title   = {Kernels for small molecules and the prediction of mutagenicity, toxicity and anti-cancer activity},
  volume  = {21},
  number  = {suppl\_1},
  journal = {Bioinformatics},
  author  = {Swamidass, S Joshua and Chen, Jonathan and Bruand, Jocelyne and Phung, Peter and Ralaivola, Liva and Baldi, Pierre},
  year    = {2005},
  note    = {Publisher: Oxford University Press},
  pages   = {i359--i368}
}

@inproceedings{tai2015improvedsemantictreelstm,
  title     = {Improved semantic representations from tree-structured {Long} {Short}-{Term} {Memory} networks},
  booktitle = {Proceedings of the 53rd {Annual} {Meeting} of the {Association} for {Computational} {Linguistics} ({ACL})},
  author    = {Tai, Kai Sheng and Socher, Richard and Manning, Christopher D.},
  year      = {2015},
  pages     = {1556--1566}
}

@inproceedings{tolstikhin2018wassersteinae,
  title     = {Wasserstein auto-encoders},
  booktitle = {Proceedings of the 6th {International} {Conference} on {Learning} {Representations} ({ICLR})},
  author    = {Tolstikhin, Ilya and Bousquet, Olivier and Gelly, Sylvain and Schoelkopf, Bernhard},
  year      = {2018}
}

@inproceedings{tran2018filtersizegraphconv,
  title     = {On filter size in graph convolutional networks},
  booktitle = {{IEEE} {Symposium} {Series} on {Computational} {Intelligence} ({SSCI})},
  publisher = {IEEE},
  author    = {Tran, Dinh V,  and Navarin, Nicolò and Sperduti, Alessandro},
  year      = {2018},
  pages     = {1534--1541}
}

@inproceedings{trentin2009maximumlikelihoodunsupervised,
  title        = {A maximum-likelihood connectionist model for unsupervised learning over graphical domains},
  author       = {Trentin, Edmondo and Rigutini, Leonardo},
  booktitle    = {Proceedings of the 12th International Conference on Artificial Neural Networks (ICANN)},
  pages        = {40--49},
  year         = {2009},
  organization = {Springer}
}

@article{trentin2018nonparametric,
  title     = {Nonparametric small random networks for graph-structured pattern recognition},
  author    = {Trentin, Edmondo and Di Iorio, Ernesto},
  journal   = {Neurocomputing},
  volume    = {313},
  pages     = {14--24},
  year      = {2018},
  publisher = {Elsevier}
}

@article{vandenoord2016wavenet,
  author  = {{van den Oord}, A{\"{a}}ron  and
               Dieleman, Sander  and
               Zen, Heiga  and
               Simonyan, Karen  and
               Vinyals, Oriol  and
               Graves, Alex  and
               Kalchbrenner, Nal  and
               Senior, Andrew W.  and
               Kavukcuoglu, Koray},
  title   = {WaveNet: {A} Generative Model for Raw Audio},
  journal = {CoRR},
  volume  = {abs/1609.03499},
  year    = {2016}
}

@article{vanrossum1965chemical,
  author    = {van Rossum, Jacques},
  title     = {{The Relation Between Chemical Structure and Biological Activity}},
  journal   = {Journal of Pharmacy and Pharmacology},
  volume    = {15},
  number    = {1},
  pages     = {285--316},
  year      = {1963},
  publisher = {Wiley Online Library}
}

@article{vansteenkiste2019relationalneuralexpectation,
  title   = {Relational neural expectation maximization: {Unsupervised} discovery of objects and their interactions},
  journal = {Proceedings of the 6th International Conference on Learning Representations (ICLR)},
  author  = {van Steenkiste, Sjoerd and Chang, Michael and Greff, Klaus and Schmidhuber, Jürgen},
  year    = {2018}
}

@book{vapnik2000slt,
  author    = {Vapnik, Vladimir N.},
  title     = {The Nature of Statistical Learning},
  year      = {2000},
  publisher = {Springer}
}

@article{varma2006cv,
  author    = {Varma, Sudhir and Simon, Richard},
  year      = {2006},
  month     = {02},
  pages     = {91},
  title     = {Bias in Error Estimation When Using Cross-Validation for Model Selection},
  volume    = {7},
  journal   = {BMC bioinformatics},
  publisher = {BioMed Central}
}

@inproceedings{vaswani2017transformer,
  title     = {Attention is all you need},
  booktitle = {Proceedings of the 31st {Conference} on {Neural} {Information} {Processing} {Systems} ({NIPS})},
  author    = {Vaswani, Ashish and Shazeer, Noam and Parmar, Niki and Uszkoreit, Jakob and Jones, Llion and Gomez, Aidan N and Kaiser, Lukasz and Polosukhin, Illia},
  year      = {2017},
  pages     = {5998--6008}
}

@inproceedings{velickovic2018gat,
  title     = {Graph attention networks},
  booktitle = {Proceedings of the 6th {International} {Conference} on {Learning} {Representations} ({ICLR})},
  author    = {Velickovic, Petar and Cucurull, Guillem and Casanova, Arantxa and Romero, Adriana and Lio, Pietro and Bengio, Yoshua},
  year      = {2018}
}

@inproceedings{velickovic2019deepgraphinfomax,
  title     = {Deep {Graph} {Infomax}},
  booktitle = {Proceedings of the 7th {International} {Conference} on {Learning} {Representations} ({ICLR}), {New} {Orleans}, {LA}, {USA}, {May} 6-9, 2019},
  author    = {Velickovic, Petar and Fedus, William and Hamilton, William L. and Liò, Pietro and Bengio, Yoshua and Hjelm, R. Devon},
  year      = {2019}
}


@article{vincent2010denoisingautoenc,
  author     = {Vincent, Pascal and Larochelle, Hugo and Lajoie, Isabelle and Bengio, Yoshua and Manzagol, Pierre-Antoine},
  title      = {Stacked Denoising Autoencoders: Learning Useful Representations in a Deep Network with a Local Denoising Criterion},
  year       = {2010},
  issue_date = {3/1/2010},
  publisher  = {JMLR.org},
  volume     = {11},
  issn       = {1532-4435},
  journal    = {J. Mach. Learn. Res.},
  pages      = {3371–3408},
  numpages   = {38}
}


@article{vishwanathan2010graphkernels,
  title   = {Graph kernels},
  volume  = {11},
  number  = {Apr},
  journal = {Journal of Machine Learning Research},
  author  = {Vishwanathan, S Vichy N and Schraudolph, Nicol N and Kondor, Risi and Borgwardt, Karsten M},
  year    = {2010},
  pages   = {1201--1242}
}

@article{vonluxburg2007tutorialspectralclustering,
  title   = {A tutorial on spectral clustering},
  volume  = {17},
  number  = {4},
  journal = {Statistics and Computing},
  author  = {Von Luxburg, Ulrike},
  year    = {2007},
  note    = {Publisher: Springer},
  pages   = {395--416}
}

@inproceedings{wagstaff2019limitations,
  title     = {On the Limitations of Representing Functions on Sets},
  author    = {Wagstaff, Edward and Fuchs, Fabian and Engelcke, Martin and Posner, Ingmar and Osborne, Michael A.},
  booktitle = {Proceedings of the International Conference on Machine Learning ({ICML})},
  pages     = {6487--6494},
  year      = {2019},
  volume    = {97},
  series    = {Proceedings of Machine Learning Research},
  publisher = {PMLR}
}

@article{wale2008nci1,
  title   = {Comparison of descriptor spaces for chemical compound retrieval and classification},
  author  = {Wale, Nikil and Watson, Ian A and Karypis, George},
  journal = {Knowledge and Information Systems},
  volume  = {14},
  number  = {3},
  pages   = {347--375},
  year    = {2008}
}

@inproceedings{wang2018graphgan,
  title     = {{GraphGAN}: {Graph} representation learning with generative adversarial nets},
  booktitle = {Proceedings of the 32nd {AAAI} {Conference} on {Artificial} {Intelligence} ({AAAI})},
  author    = {Wang, Hongwei and Wang, Jia and Wang, Jialin and Zhao, Miao and Zhang, Weinan and Zhang, Fuzheng and Xie, Xing and Guo, Minyi},
  year      = {2018},
  pages     = {2508--2515}
}

@inproceedings{wang2018videosgraphs,
  title     = {Videos as space-time region graphs},
  booktitle = {Proceedings of the 15th {European} conference on computer vision ({ECCV})},
  author    = {Wang, Xiaolong and Gupta, Abhinav},
  year      = {2018},
  pages     = {399--417}
}

@article{wang2019dgl,
  title   = {Deep {Graph} {Library}: {Towards} efficient and scalable deep learning on graphs},
  journal = {Workshop on Representation Learning on Graphs and Manifolds, International Conference on Learning Representations (ICLR)},
  author  = {Wang, Minjie and Yu, Lingfan and Zheng, Da and Gan, Quan and Gai, Yu and Ye, Zihao and Li, Mufei and Zhou, Jinjing and Huang, Qi and Ma, Chao and Huang, Ziyue and Guo, Qipeng and Zhang, Hao and Lin, Haibin and Zhao, Junbo and Li, Jinyang and Smola, Alexander J and Zhang, Zheng},
  year    = {2019}
}

@article{wang2019dynamicgcnnpointcloud,
  title   = {Dynamic graph cnn for learning on point clouds},
  volume  = {38},
  number  = {5},
  journal = {ACM Transactions on Graphics (TOG)},
  author  = {Wang, Yue and Sun, Yongbin and Liu, Ziwei and Sarma, Sanjay E and Bronstein, Michael M and Solomon, Justin M},
  year    = {2019},
  note    = {Publisher: ACM},
  pages   = {146}
}

@article{watts1998smallworld,
  journal = {Nature},
  number  = 6684,
  pages   = {440--442},
  title   = {{Collective dynamics of 'small-world' networks}},
  volume  = 393,
  year    = 1998
}

@article{weininger1988smiles,
  author  = {Weininger, D.},
  journal = {{J. Chem. Inf. Comput. Sci.}},
  number  = 1,
  pages   = {31--36},
  title   = {{SMILES, a chemical language and information system. 1. introduction to methodology and encoding rules}},
  volume  = 28,
  year    = 1988
}

  @article{weininger1989smiles2,
  author    = {Weininger, D.,
and Weininger, Arthur
and Weininger, Joseph L.},
  title     = {SMILES. 2. Algorithm for generation of unique SMILES notation},
  journal   = {Journal of Chemical Information and Computer Sciences},
  year      = {1989},
  month     = {May},
  day       = {01},
  publisher = {American Chemical Society},
  volume    = {29},
  number    = {2},
  pages     = {97-101},
  issn      = {0095-2338},
  doi       = {10.1021/ci00062a008},
  url       = {https://pubs.acs.org/doi/abs/10.1021/ci00062a008}
}

@article{weislow1989aids,
  title   = {New soluble-formazan assay for {HIV}-1 cytopathic effects: application to high-flux screening of synthetic and natural products for {AIDS}-antiviral activity},
  volume  = {81},
  number  = {8},
  journal = {JNCI: Journal of the National Cancer Institute},
  author  = {Weislow, Owen S and Kiser, Rebecca and Fine, Donald L and Bader, John and Shoemaker, Robert H and Boyd, Michael R},
  year    = {1989},
  note    = {Publisher: Oxford University Press},
  pages   = {577--586}
}

@article{werbos1988backpropthroughtime,
  title   = {Generalization of backpropagation with application to a recurrent gas market model},
  journal = {Neural Networks},
  volume  = {1},
  number  = {4},
  pages   = {339 - 356},
  year    = {1988},
  author  = {Paul J. Werbos}
}

@article{williams1989teacherforcing,
  author     = {Williams, R. J. and Zipser, D.},
  title      = {A Learning Algorithm for Continually Running Fully Recurrent Neural Networks},
  journal    = {Neural Comput.},
  issue_date = {Summer 1989},
  volume     = {1},
  number     = {2},
  year       = {1989},
  issn       = {0899-7667},
  pages      = {270--280}
}

@article{williams1992reinforce,
  author     = {Williams, Ronald J.},
  title      = {Simple Statistical Gradient-Following Algorithms for Connectionist Reinforcement Learning},
  year       = {1992},
  issue_date = {May 1992},
  publisher  = {Kluwer Academic Publishers},
  address    = {USA},
  volume     = {8},
  number     = {3–4},
  issn       = {0885-6125},
  url        = {https://doi.org/10.1007/BF00992696},
  doi        = {10.1007/BF00992696},
  journal    = {Mach. Learn.},
  month      = may,
  pages      = {229–256},
  numpages   = {28},
  keywords   = {connectionist networks, gradient descent, mathematical analysis, Reinforcement learning}
}

@article{wolpert1997freelunchtheorem,
  author  = {Wolpert, David H. and Macready, William G.},
  journal = {IEEE Transactions on Evolutionary Computation},
  month   = {April},
  number  = 1,
  pages   = {67--82},
  title   = {No Free Lunch Theorems for Optimization},
  volume  = 1,
  year    = 1997
}

@article{wu2018comprehensivesurveygnn,
  title   = {A comprehensive survey on graph neural networks},
  volume  = {abs/1901.00596},
  journal = {CoRR},
  author  = {Wu, Zonghan and Pan, Shirui and Chen, Fengwen and Long, Guodong and Zhang, Chengqi and Yu, Philip S.},
  year    = {2019}
}

@article{xu2018jumpingknowledge,
  title   = {Representation learning on graphs with jumping knowledge networks},
  journal = {Proceedings of the 35th International Conference on Machine Learning (ICML)},
  author  = {Xu, Keyulu and Li, Chengtao and Tian, Yonglong and Sonobe, Tomohiro and Kawarabayashi, Ken-ichi and Jegelka, Stefanie},
  year    = {2018},
  pages   = {5453--5462}
}

@article{xu2019gin,
  title   = {How Powerful are Graph Neural Networks?},
  author  = {Xu, Keyulu and Hu, Weihua and Leskovec, Jure and Jegelka, Stefanie},
  journal = {International Conference on Learning Representations (ICLR)},
  year    = {2019}
}

@article{xu2019moleculargenerationreview,
  author  = {Xu, Y. and Lin, K. and Wang, S. and others},
  title   = {Deep learning for molecular generation},
  journal = {Future Medicinal Chemistry},
  volume  = {11},
  number  = {6},
  pages   = {567-597},
  year    = {2019}
}

@inproceedings{yanardag2015imdbredditcollab,
  author    = {Pinar Yanardag and
               S. V. N. Vishwanathan},
  title     = {Deep Graph Kernels},
  booktitle = {Proceedings of the 21th {ACM} International Conference on
               Knowledge Discovery and Data Mining ({SIGKDD})},
  pages     = {1365--1374},
  year      = {2015}
}

@inproceedings{yang2019topology,
  title     = {Topology optimization based graph convolutional network},
  booktitle = {Proceedings of the 28th {International} {Joint} {Conference} on {Artificial} {Intelligence} ({IJCAI})},
  author    = {Yang, Liang and Kang, Zesheng and Cao, Xiaochun and Jin, Di and Yang, Bo and Guo, Yuanfang},
  year      = {2019},
  pages     = {4054--4061}
}

@inproceedings{yao2019gcntextclas,
  author    = {Liang Yao and Chengsheng Mao and Yuan Luo},
  title     = {Graph Convolutional Networks for Text Classification},
  booktitle = {{AAAI}},
  year      = {2019}
}

@article{yin2019deepergnn,
  title   = {A deeper graph neural network for recommender systems},
  volume  = {185},
  journal = {Knowledge-Based Systems},
  author  = {Yin, Ruiping and Li, Kan and Zhang, Guangquan and Lu, Jie},
  year    = {2019},
  note    = {Publisher: Elsevier},
  pages   = {105020}
}

@incollection{ying2018diffpool,
  title     = {Hierarchical Graph Representation Learning with Differentiable Pooling},
  author    = {Ying, Zhitao and You, Jiaxuan and Morris, Christopher and Ren, Xiang and Hamilton, Will and Leskovec, Jure},
  booktitle = {Advances in Neural Information Processing Systems ({N}eur{IPS})},
  pages     = {4800--4810},
  year      = {2018},
  publisher = {Curran Associates, Inc.}
}

@inproceedings{ying2018gcnrecommender,
  title     = {Graph convolutional neural networks for web-scale recommender systems},
  booktitle = {Proceedings of the 24th {International} {Conference} on {Knowledge} {Discovery} and {Data} {Mining} ({SIGKDD})},
  publisher = {ACM},
  author    = {Ying, Rex and He, Ruining and Chen, Kaifeng and Eksombatchai, Pong and Hamilton, William L. and Leskovec, Jure},
  year      = {2018},
  pages     = {974--983}
}

@inproceedings{you2018graphconvpolicynetwork,
  author    = {You, Jiaxuan and Liu, Bowen and Ying, Zhitao and Pande, Vijay and Leskovec, Jure},
  booktitle = {Advances in Neural Information Processing Systems},
  pages     = {6410--6421},
  publisher = {Curran Associates, Inc.},
  title     = {Graph Convolutional Policy Network for Goal-Directed Molecular Graph Generation},
  volume    = {31},
  year      = {2018}
}

@inproceedings{you2018graphrnn,
  title     = {{GraphRNN}: {Generating} realistic graphs with deep auto-regressive models},
  booktitle = {Proceedings of the 35th {International} {Conference} on {Machine} {Learning} ({ICML})},
  author    = {You, Jiaxuan and Ying, Rex and Ren, Xiang and Hamilton, William L. and Leskovec, Jure},
  year      = {2018}
}

@inproceedings{yu2018spatiotemporalgcn,
  title     = {Spatio-temporal graph convolutional networks: {A} deep learning framework for traffic forecasting},
  booktitle = {{Proceedings} of the 27th {International} {Joint} {Conference} on {Artificial} {Intelligence} ({IJCAI})},
  author    = {Yu, Bing and Yin, Haoteng and Zhu, Zhanxing},
  year      = {2018}
}

@incollection{zaheer2017deepsets,
  title     = {Deep Sets},
  author    = {Zaheer, Manzil and Kottur, Satwik and Ravanbakhsh, Siamak and Poczos, Barnabas and Salakhutdinov, Russ R and Smola, Alexander J},
  booktitle = {Advances in Neural Information Processing Systems ({NIPS})},
  pages     = {3391--3401},
  year      = {2017},
  publisher = {Curran Associates, Inc.}
}

@article{zambon2018conceptdriftgraph,
  title   = {Concept drift and anomaly detection in graph streams},
  volume  = {29},
  number  = {11},
  journal = {IEEE Transactions on Neural Networks and Learning Systems},
  author  = {Zambon, Daniele and Alippi, Cesare and Livi, Lorenzo},
  year    = {2018},
  note    = {Publisher: IEEE},
  pages   = {5592--5605}
}

@article{zhang2018deeplearninggraphsurvey,
  title   = {Deep learning on graphs: {A} survey},
  volume  = {abs/1812.04202},
  journal = {CoRR},
  author  = {Zhang, Ziwei and Cui, Peng and Zhu, Wenwu},
  year    = {2018}
}

@inproceedings{zhang2018dgcnn,
  author    = {Muhan Zhang and
               Zhicheng Cui and
               Marion Neumann and
               Yixin Chen},
  title     = {An End-to-End Deep Learning Architecture for Graph Classification},
  booktitle = {Proceedings of the AAAI Conference on Artificial Intelligence ({AAAI})},
  pages     = {4438--4445},
  year      = {2018}
}

@inproceedings{zhang2018dynamichypergraph,
  title     = {Dynamic hypergraph structure learning},
  booktitle = {Proceedings of the 27th {International} {Joint} {Conference} on {Artificial} {Intelligence} ({IJCAI})},
  author    = {Zhang, Zizhao and Lin, Haojie and Gao, Yue and BNRist, KLISS},
  year      = {2018},
  pages     = {3162--3169}
}

@incollection{zhang2018linkprediction,
  title     = {Link Prediction Based on Graph Neural Networks},
  author    = {Zhang, Muhan and Chen, Yixin},
  booktitle = {Advances in Neural Information Processing Systems ({N}eur{IPS})},
  pages     = {5165--5175},
  year      = {2018},
  publisher = {Curran Associates, Inc.}
}

@article{zhang2019comprehensivereviewgcn,
  title   = {Graph convolutional networks: a comprehensive review},
  volume  = {6},
  number  = {1},
  journal = {Computational Social Networks},
  author  = {Zhang, Si and Tong, Hanghang and Xu, Jiejun and Maciejewski, Ross},
  year    = {2019},
  note    = {Publisher: Springer},
  pages   = {11}
}

@inproceedings{zhang2020gradientclipping,
  title     = {Why Gradient Clipping Accelerates Training: A Theoretical Justification for Adaptivity},
  author    = {Jingzhao Zhang and Tianxing He and Suvrit Sra and Ali Jadbabaie},
  booktitle = {International Conference on Learning Representations},
  year      = {2020}
}

@inproceedings{zhou2007learninghypergraphs,
  title     = {Learning with hypergraphs: {Clustering}, classification, and embedding},
  booktitle = {Proceedings of the 21st {Conferece} on {Neural} {Information} {Processing} {Systems} ({NIPS})},
  author    = {Zhou, Dengyong and Huang, Jiayuan and Schölkopf, Bernhard},
  year      = {2007},
  pages     = {1601--1608}
}

@article{zi2011sensitivity,
  title     = {Sensitivity analysis approaches applied to systems biology models},
  author    = {Zi, Zhike},
  journal   = {IET systems biology},
  volume    = {5},
  number    = {6},
  pages     = {336--346},
  year      = {2011},
  publisher = {IET}
}

@article{zitnik2018polypharmacy,
  title   = {Modeling polypharmacy side effects with graph convolutional networks},
  volume  = {34},
  number  = {13},
  journal = {Bioinformatics},
  author  = {Zitnik, Marinka and Agrawal, Monica and Leskovec, Jure},
  year    = {2018},
  pages   = {i457--i466}
}

@inproceedings{zugner2018adversarialgraph,
  title     = {Adversarial attacks on neural networks for graph data},
  booktitle = {Proceedings of the 24th {International} {Conference} on {Knowledge} {Discovery} and {Data} {Mining} ({SIGKDD})},
  publisher = {ACM},
  author    = {Zügner, Daniel and Akbarnejad, Amir and Günnemann, Stephan},
  year      = {2018},
  pages     = {2847--2856}
}