@book{mitchell
,   author = {Mitchell, Tom}
,   keywords = {ml proposal tau}
,   publisher = {McGraw-Hill Education}
,   title = {Machine Learning}
,   year = 1997
}
